2722 5040
157 730 225 804 252
574 739 613 805 r.
647 741 786 807 mvii
922 756 926 777 =
1070 718 1193 820 32:323:

153 857 296 943 civitas,
320 858 497 928 incertum
519 882 629 954 quam
649 858 699 929 ob
722 882 885 946 causam,
912 859 1036 930 Samaei
1059 856 1219 929 descive-

153 978 241 1036 runt
250 962 276 1034 ⁵.
290 967 384 1056 Quia
396 982 606 1064 opportuno
617 967 699 1039 loco
712 968 799 1040 urbs
812 969 928 1066 posita
941 981 1045 1056 esset,
1058 967 1220 1038 timuisse

154 1097 192 1145 se
204 1072 368 1161 aiebant,
384 1101 430 1147 ne
444 1075 645 1176 demigrare
659 1094 877 1176 cogerentur
890 1077 936 1149 ab
951 1078 1132 1149 Romanis.
1148 1080 1221 1159 Cae·

99 1179 101 1183 ⁷
153 1198 274 1255 terum
296 1185 412 1281 ipsine
439 1183 510 1256 sibi
536 1211 619 1258 eum
643 1186 817 1258 finxerint
844 1201 1004 1275 metum,
1033 1200 1070 1258 et
1091 1187 1221 1258 timore

153 1318 247 1365 vano
268 1295 428 1391 quietem
446 1293 668 1381 exsuerintss,
692 1322 737 1368 an
755 1298 887 1394 jactata
908 1295 1135 1369 sermonibus
1163 1321 1221 1368 res

154 1402 252 1502 apud
268 1409 449 1476 Romanos
464 1405 601 1504 perlata
620 1407 666 1478 ad
682 1432 745 1479 eos
760 1409 826 1495 sit,
845 1407 936 1478 nihil
955 1407 1131 1505 comperti
1146 1420 1220 1493 est;

154 1515 222 1584 nisi
243 1514 364 1611 quod,
385 1516 477 1587 datis
492 1517 567 1612 jam
584 1516 795 1605 obsidibus,
815 1531 966 1616 repente
984 1534 1109 1615 portas
1124 1517 1220 1588 clau·

153 1639 297 1712 serunt,
312 1639 349 1697 et
365 1652 412 1698 ne
429 1652 580 1698 suorum
596 1625 745 1724 quidem
760 1626 928 1726 precibus
942 1626 1110 1722 (miserat
1123 1626 1220 1698 enim

155 1731 224 1804 sub
243 1757 367 1806 muros
385 1737 516 1807 consul
536 1735 581 1807 ad
601 1737 835 1808 tentandam⁷
854 1736 1136 1809 misericordiam
1156 1760 1221 1835 pa-

153 1856 300 1914 rentum
319 1844 649 1944 populariumque)
673 1846 843 1919 desistere
865 1846 910 1919 ab
931 1848 1079 1945 incepto
1096 1846 1221 1917 volue-

153 1968 253 2024 runt.
279 1959 492 2054 Oppugnari
514 1955 667 2044 deinde,
692 1971 884 2054 postquam
910 1955 1001 2027 nihil
1026 1956 1142 2055 pacati
1163 1979 1220 2025 re·

154 2063 426 2160 spondebatur,
454 2080 573 2164 coepta
603 2064 692 2137 urbs
724 2081 788 2137 est.
824 2072 1046 2164 Apparatum
1075 2086 1220 2155 ornnem

154 2188 421 2246 tormentorum
450 2177 771 2274 machinarumque
799 2190 1043 2247 transvectum
1070 2173 1116 2245 ab
1140 2177 1221 2243 Am·

153 2282 282 2356 braciae
294 2286 566 2383 oppugnatione
584 2284 763 2372 habebat3
782 2299 818 2357 et
835 2309 957 2384 opera,
966 2309 1045 2382 quae
1060 2281 1221 2354 facienda

155 2409 276 2480 erant,
296 2396 448 2492 impigre
466 2396 597 2466 milites
613 2394 852 2494 perfecerunt.
874 2393 1029 2467 Duobus
1042 2394 1152 2491 igitur
1167 2392 1220 2464 lo·

157 2502 208 2572 cis
226 2501 364 2575 admoti
382 2505 511 2575 arietes
532 2504 744 2601 quatiebant
762 2530 896 2576 muros.

202 2615 332 2683 XXIX.
356 2616 432 2684 Nec
449 2610 495 2684 ab
513 2615 654 2685 Samaeis
674 2614 893 2712 quidquam,
914 2638 989 2711 quo
1009 2627 1070 2683 aut
1088 2635 1220 2711 opera,

155 2726 218 2791 aut
241 2721 355 2793 hostis
380 2723 491 2794 arceri
513 2739 656 2820 posset,
679 2726 958 2822 praetermissum
985 2736 1048 2794 est.
1071 2720 1221 2793 Duabus

157 2844 277 2903 tamen
305 2833 460 2904 maxime
489 2833 703 2905 resistebant
727 2833 866 2906 rebus:
896 2859 988 2920 una,
1012 2833 1221 2903 interiorem

156 2965 300 3041 semper
308 2945 411 3039 juxta
422 2944 598 3015 validum¹
616 2968 684 3042 pro
701 2944 823 3016 diruto
841 2968 976 3016 novum
993 2941 1221 3015 obstruentes

156 3161 665 3228 cophr.Cauendr.791;Stmh.X‚p.455
710 3164 845 3223 ditionem,
867 3179 945 3227 neque
969 3162 1101 3228 imperatos
1125 3158 1222 3208 obsides

155 3240 566 3304 eq.al.7oo;Herd.edPlin.1V,
578 3257 607 3288 ra
623 3258 666 3289 seu
710 3255 874 3301 recusarunt,
889 3253 954 3290 recte
971 3256 1055 3307 paoem
1068 3255 1164 3304 sperare
1176 3256 1221 3304 po-

158 3331 203 3382 ¹93
222 3320 332 3369 Euamtb.
343 3320 375 3367 ed
384 3322 517 3369 Homerum
526 3355 534 3378 ,
545 3319 614 3368 iliad.
624 3321 649 3367 11
658 3354 665 3378 ‚
710 3323 883 3386 teranuAddit
890 3328 926 3391 τῷ
932 3321 990 3385 jam
1001 3319 1150 3385 respondere
1159 3319 1222 3367 bene

156 3413 182 3462 p.
193 3399 257 3458 232,
278 3399 317 3446 ed.
333 3401 388 3446 Bae.
402 3410 427 3447 et
445 3398 477 3447 ad
495 3400 600 3464 Dionys.
621 3401 664 3446 Pe·
709 3401 853 3466 particulam
863 3411 1017 3465 sequentem,
1030 3416 1112 3464 qaeurn.
1123 3400 1169 3447 En.

155 3476 215 3548 rieg.
226 3478 285 3525 531.
296 3478 366 3526 Livio
375 3477 481 3526 Nesiotae
490 3476 614 3535 dicrmtur,
623 3477 665 3541 qui
745 3481 769 3527 5.
784 3482 838 3528 Una
856 3480 987 3536 οἰνέων..
998 3477 1102 3533 Sami,
1123 3475 1222 3525 descive

155 3555 269 3622 Thucyd.
281 3558 408 3626 Πρόναιοι,
427 3557 564 3622 horumque
575 3556 663 3623 oppid.
710 3571 804 3608 ruat...
823 3571 960 3624 opportuno
978 3561 1031 3608 loco
1051 3558 1107 3607 urbs
1123 3556 1219 3621 posita,

157 3636 178 3688 oi
190 3636 290 3706 Πρόννοι
304 3636 393 3702 Polyb.
403 3639 437 3694 V,
462 3638 490 3695 3,
504 3635 520 3702 S
537 3638 561 3685 3·
573 3635 666 3706 Hpo'sn·
709 3639 852 3696 Semmid.
863 3639 888 3696 1,
899 3647 944 3696 ιι,
950 3654 975 3685 ιι.
987 3653 1010 3696 r,
1020 3637 1097 3693 etin,
1108 3643 1151 3696 47,
1162 3652 1188 3683 n.
1199 3652 1220 3682 1.

157 3732 200 3774 σος
212 3716 292 3764 Streb.
306 3726 330 3763 et
344 3715 428 3781 Stepb.
445 3715 515 3762 Prius
527 3731 618 3764 nomen
629 3726 667 3762 est
746 3719 771 3765 6.
782 3717 890 3780 Quietem
903 3715 1045 3771 extiterint-,-
1054 3714 1111 3762 vide
1124 3713 1155 3762 ed
1163 3716 1221 3762 Tac.

156 3809 285 3842 commune
294 3793 473 3852 insulanorum
482 3793 583 3842 alterum
593 3788 667 3858 rigni-
711 3799 776 3844 Anu.
789 3797 859 3854 XIV,
877 3795 908 3842 52
918 3829 926 3856 ,
943 3811 969 3842 n.
984 3794 1009 3841 6.
1019 3821 1054 3831 -
1063 3795 1166 3840 lactata
1176 3808 1223 3853 ser·

157 3858 229 3921 iic-ere
243 3871 341 3919 videtur
353 3872 474 3937 oppidum
487 3872 620 3934 adjacentia
632 3874 668 3920 in·
711 3874 820 3923 monibus
830 3890 883 3931 που
896 3873 953 3921 vide
962 3872 994 3920 ed
1007 3874 1046 3931 11,
1062 3887 1091 3921 ra
1103 3906 1112 3930 ,
1122 3888 1147 3920 u.
1163 3887 1187 3933 7,
1197 3881 1223 3919 et

157 3950 217 4000 culn
233 3966 315 4015 parvae
328 3967 370 3998 seu
390 3951 531 4015 peninsula.
544 3951 592 4001 Sed
605 3953 668 3999 sorte
712 3956 762 4015 111,
779 3971 823 4014 ro,
834 3970 859 4001 u.
872 3969 896 4001 a.

158 4045 213 4077 Μ
230 4028 304 4076 an·
318 4029 366 4093 1⁰8·
380 4031 493 4088 Pmnoet'»
506 4031 590 4079 Cranii
598 4066 605 4087 t
619 4033 667 4077 Pa·
750 4053 773 4096 7.
788 4034 891 4084 Maierat
906 4032 970 4081 enim
985 4033 1122 4080 submitto:
1139 4031 1225 4078 comui

158 4108 255 4156 taeemes
264 4119 288 4155 ee
296 4108 394 4157 Samaei.
406 4111 453 4155 Pro
465 4109 573 4157 Nesiotae
582 4110 607 4157 in
617 4125 668 4157 om·
713 4115 750 4164 ad
757 4114 914 4170 tentandam,
927 4124 974 4162 etc.
984 4112 1040 4159 vide
1049 4110 1081 4158 ed
1090 4111 1166 4168 vm,
1177 4123 1222 4171 19,

158 4186 231 4235 nibus
240 4187 302 4235 MSS
313 4198 337 4234 et
346 4186 402 4234 edd.
414 4198 470 4235 aute
481 4187 554 4235 Frob.
565 4205 588 4235 e.
602 4188 666 4236 1535
713 4212 737 4244 n,
753 4211 798 4252 ιο,
808 4195 892 4252 calx,
906 4192 985 4252 35,n.
998 4207 1019 4238 ι.
1029 4191 1092 4238 Mox
1100 4187 1220 4244 babebat,

158 4277 245 4315 autem,
264 4291 300 4303 -
315 4267 444 4329 Insperata
456 4267 668 4332 paae51egendum
715 4290 751 4322 ω,
761 4273 857 4321 comni.

153 4346 211 4411 jam
227 4357 326 4410 sperata
342 4345 459 4409 Doeriug.
474 4357 570 4405 censet,
586 4346 670 4410 qnod,
750 4344 811 4392 Car.
830 4343 927 4391 XXIX.
952 4357 973 4388 r.
993 4343 1072 4387 Juxta
1093 4337 1220 4391 ualidum,

160 4440 236 4489 quum
248 4425 409 4492 Cephallenia
420 4425 530 4475 civitatee
541 4441 620 4491 neque
632 4424 670 4472 de·
715 4425 739 4472 h.
757 4439 778 4471 e.
791 4438 859 4485 eque
870 4419 985 4469 validum.
998 4443 1010 4462 a
1020 4417 1067 4468 Sed
1079 4417 1133 4480 quie
1147 4417 1222 4473 sent,
