2722 5040
165 738 289 848 ῢῑὲῐὲζὲῑ
406 756 498 824 nm,
525 757 604 825 xc.
631 755 737 825 cnr.
763 756 833 823 nv.
858 756 954 825 Lv1.
1134 753 1197 826 521

137 881 373 975 presserunt:
393 878 554 977 Apelles,
575 879 705 950 missus
731 876 777 948 ad
800 875 983 948 Chaeream
1010 878 1203 976 quemdam

138 986 452 1083 persequendum,
474 987 607 1060 indicio
626 984 742 1084 Xychi
763 986 902 1076 audito,
921 987 959 1058 in
977 988 1114 1060 Italiam
1130 1004 1203 1061 tra-

135 1098 233 1190 jecit.
253 1102 307 1169 De
327 1096 483 1169 Philocle
501 1097 590 1168 nihil
610 1100 698 1170 certi
713 1098 897 1196 vulgatum
916 1113 980 1170 est.
1001 1098 1070 1170 Alii
1085 1099 1205 1198 primo

119 1198 121 1203 ’
139 1206 321 1278 audaciter
341 1223 552 1306 negantem,
569 1225 762 1308 postquam
781 1210 1068 1308 inconspectum
1090 1207 1205 1280 addu-

139 1332 218 1388 ctus
237 1319 282 1387 sit
302 1318 469 1414 Xychus,
488 1342 563 1389 non
581 1318 674 1391 ultra
691 1319 930 1407 tetendisse²;
950 1318 1009 1390 alii
1026 1332 1205 1389 tormenta

140 1429 246 1498 etiam
261 1426 479 1500 inficiantem
491 1452 702 1527 perpessum
711 1427 898 1500 affirmant
909 1428 1075 1526 Philippo
1085 1426 1204 1498 redin-

140 1553 297 1634 tegratus
309 1555 362 1610 est
376 1539 492 1611 luctus
504 1542 792 1638 geminatusque3
804 1555 840 1611 et
851 1536 1093 1611 infelicitatem
1105 1562 1204 1609 suam

141 1650 176 1718 in
197 1646 319 1721 liberis
337 1651 558 1746 graviorem,
576 1650 676 1748 quod
693 1650 782 1722 alter
799 1650 949 1748 perisset
958 1645 985 1734 ³,
1003 1647 1184 1720 censebat.

188 1764 277 1832 LVI.
310 1764 479 1850 Perseus,
504 1764 634 1833 certior
662 1759 776 1833 factus
803 1760 924 1831 omnia
946 1757 1086 1830 detecta
1105 1783 1203 1842 esse,

142 1871 324 1966 potentior
345 1868 490 1967 quidem
512 1887 608 1958 erat,
631 1895 740 1968 quam
762 1885 804 1941 ut
828 1867 950 1966 fugam
970 1871 1205 1939 necessariam

141 1977 309 2055 duceret:
330 1997 487 2068 tantum,
505 1997 547 2053 ut
561 1981 689 2079 procul
706 1980 863 2068 abesset,
881 1977 1046 2065 curabat,
1062 1979 1204 2049 interim

140 2088 239 2160 velut
256 2089 301 2161 ab
318 2091 486 2162 incendio
503 2089 683 2187 flagrantis
701 2091 781 2178 irae,
800 2090 886 2160 dum
904 2088 1092 2186 Philippus
1111 2088 1207 2159 vive-

140 2214 214 2285 ret,
233 2223 273 2270 se
290 2198 523 2287 defensurum
543 2202 624 2297 qui,
644 2225 707 2298 spe
722 2197 889 2299 potiundi
903 2198 949 2269 ad
964 2222 1109 2297 poenam
1125 2222 1206 2269 cor·

140 2309 239 2404 poris
253 2309 332 2404 ejus
347 2313 494 2397 amissa,
508 2309 608 2407 quod
624 2310 805 2406 reliquum
819 2324 911 2395 erat,
928 2307 965 2379 id
980 2308 1142 2396 studere,
1159 2333 1204 2380 ne

141 2445 249 2519 super
271 2423 521 2520 impunitatem
545 2424 652 2494 etiam
679 2423 992 2522 praemiosceieris
1016 2420 1205 2493 frueretur.

141 2535 358 2628 Antigonum
379 2534 487 2631 igitur
505 2533 677 2632 appellat,
696 2535 755 2604 cui
776 2548 813 2604 et
830 2533 947 2631 palam
964 2531 1044 2604 sacti
1063 2533 1205 2631 parrici-

141 2641 190 2713 dii
205 2646 316 2740 gratia
331 2641 512 2717 obnoxius
525 2660 600 2716 erat
610 2656 635 2730 ¹,
645 2668 764 2741 neque
777 2643 1003 2742 pudendum,
1016 2658 1079 2714 aut
1092 2643 1207 2742 poeni·

142 2752 292 2824 tendum
311 2780 395 2826 eum
417 2779 537 2850 regem
557 2753 836 2843 Macedonibus,
856 2770 1005 2854 propter
1022 2768 1204 2825 recentem

142 2866 261 2961 patrui
279 2868 448 2962 Antigoni
466 2866 637 2963 glorim,
662 2864 741 2938 fore
767 2865 946 2937 censebat.
965 2862 1149 2953 «Quando
1167 2864 1204 2931 in

143 2999 250 3045 ceam
277 2974 457 3047 fortunam
480 2979 585 3065 veni,
613 2978 754 3075 inquit,
783 2978 982 3073 Antigone,
1007 2988 1048 3042 ut
1071 2970 1206 3042 orbitas

142 3085 278 3171 «mihi,
295 3113 403 3184 quam
426 3087 483 3160 alii
503 3089 725 3162 detestantur
745 3103 927 3187 parentes,
947 3076 1113 3183 optabilis
1129 3108 1205 3154 esse

142 3195 319 3285 «debeat,
335 3224 505 3297 regnum,
523 3200 623 3296 qnod
641 3225 661 3272 a
679 3216 807 3297 patruo
827 3208 926 3281 tuo²,
941 3195 1043 3277 sorti,
1061 3220 1134 3265 non
1148 3220 1204 3265 so·

142 3334 158 3366 c
172 3304 246 3374 lum
267 3305 384 3390 fideli,
400 3309 510 3380 tutela
531 3310 609 3405 ejus
625 3306 842 3379 custoditum
860 3323 896 3377 et
917 3321 1061 3377 auctum
1080 3306 1204 3392 etiam,

142 3416 312 3511 «accepi,
328 3414 364 3485 id
379 3414 445 3485 tibi
459 3415 598 3487 tradere
611 3418 649 3486 in
664 3419 783 3487 animo
798 3432 862 3487 est.
878 3422 928 3487 Te
942 3441 1054 3486 unum
1069 3414 1204 3501 habeo,

142 3553 158 3586 a
173 3547 281 3619 quem
296 3522 446 3620 dignum
462 3549 575 3620 regno
586 3523 755 3620 judicem.
770 3527 806 3596 Si
819 3526 999 3596 neminem
1016 3524 1205 3613 haberem,

142 3664 158 3697 «
174 3634 290 3730 perire
306 3649 343 3705 et
357 3636 534 3731 exstingui
550 3634 587 3705 id
603 3635 765 3717 mallem,
784 3659 892 3733 quam
907 3641 1036 3707 Perseo
1050 3634 1205 3707 scelesta

142 3740 308 3815 «fraudis
326 3745 509 3842 praemium
528 3770 614 3817 esse.
635 3747 857 3816 Demetrium
876 3746 1066 3817 excitatum
1087 3744 1132 3817 ab
1150 3746 1202 3818 in-

178 3961 203 3992 2.
214 3946 269 3992 Non
279 3947 344 3994 ultra
354 3945 494 4001 tetendisse,
505 3961 538 3994 ec.
550 3961 650 4009 negare,
694 3943 806 4002 firment,
815 3961 870 4010 cep.
888 3947 935 4007 56,
948 3958 976 3994 ut
985 3947 1077 3996 orbitas
1090 3949 1150 3997 miti
1161 3967 1205 4016 op·

144 4023 180 4071 vei
200 4041 356 4089 repugnasse,
372 4025 452 4072 verbis
469 4040 596 4089 pugnasse.
612 4024 649 4073 Cf.
694 4025 776 4072 tabidis
793 4025 833 4072 sit.
851 4027 932 4075 Poscit
947 4038 972 4076 et
991 4028 1054 4094 legi:
1075 4028 1144 4094 quod
1154 4045 1204 4077 non

143 4103 173 4150 ad
183 4105 227 4163 IV,
238 4119 267 4163 7,
279 4121 303 4153 n.
314 4107 343 4161 6,
355 4114 378 4152 et
387 4105 432 4161 IV,
442 4106 471 4161 8,
484 4120 509 4150 n.
519 4105 544 4150 6.
694 4105 757 4151 alter
763 4105 899 4169 perissem
910 4110 996 4156 Bauer.

180 4185 202 4230 3.
224 4183 297 4245 Quod
316 4183 379 4230 alter
392 4181 512 4246 petiiset:
536 4183 650 4229 «fatuum
728 4185 787 4233 Cir.
796 4187 1203 4253 tv1.1.cuteepa1amsacetpan

144 4277 200 4306 sane
218 4272 241 4309 et
255 4262 364 4322 jejunum
381 4277 433 4325 pree
457 4261 583 4324 ingenioso
607 4261 650 4310 ttto
694 4263 777 4311 ricidr'r'
785 4266 870 4329 gratia
888 4267 1008 4315 obnoxius
1021 4278 1089 4324 erat,¹
1103 4266 1158 4314 vide
1171 4265 1203 4313 ed

144 4339 233 4385 Mureti
250 4349 274 4385 et
293 4351 370 4387 acutae
388 4339 514 4387 sententie
526 4340 600 4403 pleno
613 4357 652 4388 su·
696 4346 749 4403 111,
763 4347 808 4407 39,
823 4363 847 4394 n.
864 4363 884 4394 1.

141 4429 256 4479 peresset,
266 4434 298 4464 er.
307 4421 420 4477 Perseus,
432 4430 479 4467 tam
490 4421 593 4484 impius,
604 4432 651 4468 tem
732 4439 756 4471 π.
767 4425 885 4488 Reputans,
896 4427 964 4488 quod
970 4443 987 4472 a
993 4438 1082 4490 patruo
1093 4436 1148 4479 tuo,
1159 4435 1204 4474 etc.

143 4493 259 4545 deformis
282 4499 348 4562 regio
376 4500 496 4562 sanguini.
523 4500 652 4563 Sequentia
696 4501 956 4567 tideadcep.5t,n.
972 4504 994 4550 3.
