<?xml version="1.0" encoding="UTF-8"?>
<!DOCTYPE html PUBLIC "-//W3C//DTD XHTML 1.0 Transitional//EN"
    "http://www.w3.org/TR/xhtml1/DTD/xhtml1-transitional.dtd">
<html xmlns="http://www.w3.org/1999/xhtml" xml:lang="en" lang="en">
 <head>
  <title>
</title>
<meta http-equiv="Content-Type" content="text/html;charset=utf-8" />
  <meta name='ocr-system' content='tesseract 3.04.00' />
  <meta name='ocr-capabilities' content='ocr_page ocr_carea ocr_par ocr_line ocrx_word'/>
</head>
<body>
  <div class='ocr_page' id='page_1' title='image "./titusliviuspata05freigoog_0517.png"; bbox 0 0 2722 5040; ppageno 0'>
   <div class='ocr_carea' id='block_1_1' title="bbox 172 725 1211 838">
    <p class='ocr_par' dir='ltr' id='par_1_1' title="bbox 172 725 1211 838">
     <span class='ocr_line' id='line_1_1' title="bbox 172 725 1211 838; baseline -0.016 -12"><span class='ocrx_word' id='word_1_1' title='bbox 172 725 296 838; x_wconf 62' lang='lat' dir='ltr'><strong>tata:</strong></span> <span class='ocrx_word' id='word_1_2' title='bbox 407 741 555 812; x_wconf 80' lang='lat' dir='ltr'><strong>maan</strong></span> <span class='ocrx_word' id='word_1_3' title='bbox 582 741 657 809; x_wconf 75' lang='lat' dir='ltr'><strong>xa.</strong></span> <span class='ocrx_word' id='word_1_4' title='bbox 685 742 788 808; x_wconf 76' lang='lat' dir='ltr'><strong>car.</strong></span> <span class='ocrx_word' id='word_1_5' title='bbox 816 739 945 807; x_wconf 77' lang='lat' dir='ltr'><strong>xnvl.</strong></span> <span class='ocrx_word' id='word_1_6' title='bbox 1143 735 1211 835; x_wconf 79' lang='lat'><strong>507</strong></span> 
     </span>
    </p>
   </div>
   <div class='ocr_carea' id='block_1_2' title="bbox 134 860 1218 2505">
    <p class='ocr_par' dir='ltr' id='par_1_2' title="bbox 134 860 1218 2505">
     <span class='ocr_line' id='line_1_2' title="bbox 142 860 1213 960; baseline 0.002 -29"><span class='ocrx_word' id='word_1_7' title='bbox 142 897 160 931; x_wconf 77' lang='lat' dir='ltr'><strong>a</strong></span> <span class='ocrx_word' id='word_1_8' title='bbox 175 863 429 960; x_wconf 88' lang='lat' dir='ltr'><strong>efficiatisque,</strong></span> <span class='ocrx_word' id='word_1_9' title='bbox 442 877 501 950; x_wconf 91' lang='lat' dir='ltr'><strong>ut,</strong></span> <span class='ocrx_word' id='word_1_10' title='bbox 514 861 615 960; x_wconf 91' lang='lat' dir='ltr'><strong>quod</strong></span> <span class='ocrx_word' id='word_1_11' title='bbox 629 860 716 931; x_wconf 91' lang='lat' dir='ltr'><strong>deos</strong></span> <span class='ocrx_word' id='word_1_12' title='bbox 730 861 863 958; x_wconf 89' lang='lat' dir='ltr'><strong>precati</strong></span> <span class='ocrx_word' id='word_1_13' title='bbox 874 861 989 947; x_wconf 89' lang='lat' dir='ltr'><strong>eritis,</strong></span> <span class='ocrx_word' id='word_1_14' title='bbox 1003 860 1039 931; x_wconf 91' lang='lat' dir='ltr'><strong>id</strong></span> <span class='ocrx_word' id='word_1_15' title='bbox 1049 885 1113 933; x_wconf 88' lang='lat' dir='ltr'><strong>vos</strong></span> <span class='ocrx_word' id='word_1_16' title='bbox 1123 861 1213 933; x_wconf 85' lang='lat' dir='ltr'><strong>velle</strong></span> 
     </span>
     <span class='ocr_line' id='line_1_3' title="bbox 134 971 1212 1059; baseline -0.003 -14"><span class='ocrx_word' id='word_1_17' title='bbox 134 1004 162 1038; x_wconf 69' lang='lat' dir='ltr'><strong>&lt;c</strong></span> <span class='ocrx_word' id='word_1_18' title='bbox 176 976 284 1045; x_wconf 91' lang='lat' dir='ltr'><strong>etiam</strong></span> <span class='ocrx_word' id='word_1_19' title='bbox 305 972 470 1044; x_wconf 88' lang='lat' dir='ltr'><strong>homines</strong></span> <span class='ocrx_word' id='word_1_20' title='bbox 487 971 685 1043; x_wconf 83' lang='lat' dir='ltr'><strong>credamus.</strong></span> <span class='ocrx_word' id='word_1_21' title='bbox 709 976 747 1042; x_wconf 87' lang='lat' dir='ltr'><strong>T.</strong></span> <span class='ocrx_word' id='word_1_22' title='bbox 763 972 884 1042; x_wconf 88' lang='lat' dir='ltr'><strong>Tatius</strong></span> <span class='ocrx_word' id='word_1_23' title='bbox 904 986 940 1042; x_wconf 90' lang='lat' dir='ltr'><strong>et</strong></span> <span class='ocrx_word' id='word_1_24' title='bbox 957 971 1152 1059; x_wconf 87' lang='lat' dir='ltr'>Romulus,</span> <span class='ocrx_word' id='word_1_25' title='bbox 1175 974 1212 1042; x_wconf 92' lang='lat' dir='ltr'><strong>in</strong></span> 
     </span>
     <span class='ocr_line' id='line_1_4' title="bbox 144 1081 1214 1178; baseline 0.004 -30"><span class='ocrx_word' id='word_1_26' title='bbox 144 1113 162 1148; x_wconf 77' lang='lat' dir='ltr'><strong>a</strong></span> <span class='ocrx_word' id='word_1_27' title='bbox 178 1084 282 1178; x_wconf 88' lang='lat' dir='ltr'><strong>cujus</strong></span> <span class='ocrx_word' id='word_1_28' title='bbox 295 1082 396 1153; x_wconf 92' lang='lat' dir='ltr'><strong>urbis</strong></span> <span class='ocrx_word' id='word_1_29' title='bbox 410 1081 530 1153; x_wconf 91' lang='lat' dir='ltr'><strong>medio</strong></span> <span class='ocrx_word' id='word_1_30' title='bbox 545 1081 625 1153; x_wconf 87' lang='lat' dir='ltr'><strong>loro</strong></span> <span class='ocrx_word' id='word_1_31' title='bbox 643 1083 717 1153; x_wconf 87' lang='lat' dir='ltr'><strong>acie</strong></span> <span class='ocrx_word' id='word_1_32' title='bbox 732 1081 853 1154; x_wconf 88' lang='lat' dir='ltr'><strong>hostes</strong></span> <span class='ocrx_word' id='word_1_33' title='bbox 866 1099 1143 1169; x_wconf 85' lang='lat' dir='ltr'><strong>concurrerant,</strong></span> <span class='ocrx_word' id='word_1_34' title='bbox 1163 1082 1214 1154; x_wconf 90' lang='lat' dir='ltr'><strong>ibi</strong></span> 
     </span>
     <span class='ocr_line' id='line_1_5' title="bbox 145 1192 1218 1290; baseline 0.005 -31"><span class='ocrx_word' id='word_1_35' title='bbox 145 1225 162 1259; x_wconf 77' lang='lat' dir='ltr'><strong>a</strong></span> <span class='ocrx_word' id='word_1_36' title='bbox 176 1192 374 1265; x_wconf 84' lang='lat' dir='ltr'>concordes</span> <span class='ocrx_word' id='word_1_37' title='bbox 384 1208 589 1290; x_wconf 81' lang='lat' dir='ltr'><strong>regnarunt</strong></span> <span class='ocrx_word' id='word_1_38' title='bbox 602 1197 683 1265; x_wconf 91' lang='lat' dir='ltr'><strong>Non</strong></span> <span class='ocrx_word' id='word_1_39' title='bbox 698 1193 809 1264; x_wconf 91' lang='lat' dir='ltr'><strong>modo</strong></span> <span class='ocrx_word' id='word_1_40' title='bbox 819 1193 1031 1280; x_wconf 82' lang='lat' dir='ltr'><strong>simultates,</strong></span> <span class='ocrx_word' id='word_1_41' title='bbox 1045 1192 1106 1264; x_wconf 88' lang='lat' dir='ltr'><strong>sed</strong></span> <span class='ocrx_word' id='word_1_42' title='bbox 1118 1192 1218 1264; x_wconf 91' lang='lat' dir='ltr'><strong>bella</strong></span> 
     </span>
     <span class='ocr_line' id='line_1_6' title="bbox 146 1300 1216 1403; baseline 0.004 -33"><span class='ocrx_word' id='word_1_43' title='bbox 146 1337 164 1370; x_wconf 74' lang='lat' dir='ltr'><strong>a</strong></span> <span class='ocrx_word' id='word_1_44' title='bbox 178 1330 327 1403; x_wconf 87' lang='lat' dir='ltr'><strong>quoque</strong></span> <span class='ocrx_word' id='word_1_45' title='bbox 340 1303 532 1375; x_wconf 87' lang='lat' dir='ltr'><strong>liniuntur:</strong></span> <span class='ocrx_word' id='word_1_46' title='bbox 552 1328 597 1374; x_wconf 90' lang='lat' dir='ltr'><strong>ex</strong></span> <span class='ocrx_word' id='word_1_47' title='bbox 611 1300 747 1374; x_wconf 75' lang='lat' dir='ltr'><strong>infestis</strong></span> <span class='ocrx_word' id='word_1_48' title='bbox 760 1304 924 1376; x_wconf 90' lang='lat' dir='ltr'><strong>hostibus</strong></span> <span class='ocrx_word' id='word_1_49' title='bbox 935 1304 1147 1403; x_wconf 89' lang='lat' dir='ltr'><strong>plerumque</strong></span> <span class='ocrx_word' id='word_1_50' title='bbox 1162 1328 1216 1375; x_wconf 89' lang='lat' dir='ltr'><strong>so·</strong></span> 
     </span>
     <span class='ocr_line' id='line_1_7' title="bbox 146 1412 1214 1501; baseline 0.001 -19"><span class='ocrx_word' id='word_1_51' title='bbox 146 1447 163 1482; x_wconf 74' lang='lat' dir='ltr'><strong>a</strong></span> <span class='ocrx_word' id='word_1_52' title='bbox 178 1419 223 1488; x_wconf 92' lang='lat' dir='ltr'><strong>cii</strong></span> <span class='ocrx_word' id='word_1_53' title='bbox 248 1415 394 1501; x_wconf 87' lang='lat' dir='ltr'><strong>fideles,</strong></span> <span class='ocrx_word' id='word_1_54' title='bbox 420 1413 602 1485; x_wconf 89' lang='lat' dir='ltr'><strong>interdum</strong></span> <span class='ocrx_word' id='word_1_55' title='bbox 622 1414 728 1485; x_wconf 86' lang='lat' dir='ltr'><strong>ctiam</strong></span> <span class='ocrx_word' id='word_1_56' title='bbox 750 1415 845 1485; x_wconf 88' lang='lat' dir='ltr'><strong>cives</strong></span> <span class='ocrx_word' id='word_1_57' title='bbox 865 1413 969 1486; x_wconf 89' lang='lat' dir='ltr'><strong>fiunt.</strong></span> <span class='ocrx_word' id='word_1_58' title='bbox 994 1414 1142 1501; x_wconf 88' lang='lat' dir='ltr'><strong>Albani,</strong></span> <span class='ocrx_word' id='word_1_59' title='bbox 1160 1412 1214 1483; x_wconf 94' lang='lat' dir='ltr'><strong>di·</strong></span> 
     </span>
     <span class='ocr_line' id='line_1_8' title="bbox 145 1523 1215 1612; baseline 0.002 -21"><span class='ocrx_word' id='word_1_60' title='bbox 145 1557 163 1592; x_wconf 77' lang='lat'>«</span> <span class='ocrx_word' id='word_1_61' title='bbox 176 1542 257 1598; x_wconf 87' lang='lat' dir='ltr'><strong>ruta</strong></span> <span class='ocrx_word' id='word_1_62' title='bbox 272 1526 381 1612; x_wconf 89' lang='lat' dir='ltr'><strong>Alba,</strong></span> <span class='ocrx_word' id='word_1_63' title='bbox 401 1531 552 1596; x_wconf 89' lang='lat' dir='ltr'>Romam</span> <span class='ocrx_word' id='word_1_64' title='bbox 573 1523 727 1595; x_wconf 87' lang='lat' dir='ltr'><strong>traducti</strong></span> <span class='ocrx_word' id='word_1_65' title='bbox 750 1540 859 1595; x_wconf 90' lang='lat' dir='ltr'><strong>sunt:</strong></span> <span class='ocrx_word' id='word_1_66' title='bbox 882 1526 1017 1611; x_wconf 92' lang='lat' dir='ltr'><strong>Latini,</strong></span> <span class='ocrx_word' id='word_1_67' title='bbox 1035 1523 1158 1595; x_wconf 89' lang='lat' dir='ltr'><strong>Sabini</strong></span> <span class='ocrx_word' id='word_1_68' title='bbox 1175 1524 1215 1593; x_wconf 89' lang='lat' dir='ltr'><strong>in</strong></span> 
     </span>
     <span class='ocr_line' id='line_1_9' title="bbox 146 1633 1214 1733; baseline 0.003 -32"><span class='ocrx_word' id='word_1_69' title='bbox 146 1639 353 1709; x_wconf 80' lang='lat' dir='ltr'><strong>«civitatem</strong></span> <span class='ocrx_word' id='word_1_70' title='bbox 370 1636 516 1733; x_wconf 88' lang='lat' dir='ltr'><strong>accepti.</strong></span> <span class='ocrx_word' id='word_1_71' title='bbox 536 1633 732 1730; x_wconf 85' lang='lat' dir='ltr'><strong>Vulgatum</strong></span> <span class='ocrx_word' id='word_1_72' title='bbox 749 1633 856 1720; x_wconf 93' lang='lat' dir='ltr'><strong>illud,</strong></span> <span class='ocrx_word' id='word_1_73' title='bbox 874 1637 959 1730; x_wconf 91' lang='lat' dir='ltr'><strong>quia</strong></span> <span class='ocrx_word' id='word_1_74' title='bbox 977 1658 1104 1706; x_wconf 85' lang='lat' dir='ltr'><strong>verum</strong></span> <span class='ocrx_word' id='word_1_75' title='bbox 1121 1649 1214 1720; x_wconf 89' lang='lat' dir='ltr'><strong>erat,</strong></span> 
     </span>
     <span class='ocr_line' id='line_1_10' title="bbox 146 1744 1213 1845; baseline -0.004 -27"><span class='ocrx_word' id='word_1_76' title='bbox 146 1778 162 1812; x_wconf 79' lang='grc' dir='ltr'>α</span> <span class='ocrx_word' id='word_1_77' title='bbox 176 1751 214 1818; x_wconf 91' lang='lat' dir='ltr'><strong>in</strong></span> <span class='ocrx_word' id='word_1_78' title='bbox 228 1746 461 1845; x_wconf 88' lang='lat' dir='ltr'><strong>proverbium</strong></span> <span class='ocrx_word' id='word_1_79' title='bbox 476 1746 575 1817; x_wconf 87' lang='lat' dir='ltr'><strong>venit</strong></span> <span class='ocrx_word' id='word_1_80' title='bbox 590 1772 598 1815; x_wconf 77' lang='grc' dir='ltr'><strong>ε</strong></span> <span class='ocrx_word' id='word_1_81' title='bbox 614 1745 794 1816; x_wconf 82' lang='lat' dir='ltr'><strong>Amicitias</strong></span> <span class='ocrx_word' id='word_1_82' title='bbox 808 1744 1046 1830; x_wconf 86' lang='lat' dir='ltr'><strong>immortales,</strong></span> <span class='ocrx_word' id='word_1_83' title='bbox 1066 1744 1213 1814; x_wconf 89' lang='lat' dir='ltr'><strong>inimici·</strong></span> 
     </span>
     <span class='ocr_line' id='line_1_11' title="bbox 147 1852 1214 1940; baseline -0.004 -12"><span class='ocrx_word' id='word_1_84' title='bbox 147 1888 164 1922; x_wconf 79' lang='grc' dir='ltr'>α</span> <span class='ocrx_word' id='word_1_85' title='bbox 178 1859 244 1928; x_wconf 80' lang='lat' dir='ltr'><strong>tias</strong></span> <span class='ocrx_word' id='word_1_86' title='bbox 256 1856 425 1928; x_wconf 82' lang='lat' dir='ltr'><strong>mortales</strong></span> <span class='ocrx_word' id='word_1_87' title='bbox 439 1854 572 1927; x_wconf 87' lang='lat' dir='ltr'><strong>debere</strong></span> <span class='ocrx_word' id='word_1_88' title='bbox 592 1880 668 1927; x_wconf 86' lang='lat' dir='ltr'><strong>esse</strong></span> <span class='ocrx_word' id='word_1_89' title='bbox 680 1852 705 1926; x_wconf 85' lang='lat'><strong>⁵.</strong></span> <span class='ocrx_word' id='word_1_90' title='bbox 717 1886 734 1921; x_wconf 76' lang='lat' dir='ltr'><strong>a</strong></span> <span class='ocrx_word' id='word_1_91' title='bbox 748 1855 924 1925; x_wconf 85' lang='lat' dir='ltr'><strong>Fremitus</strong></span> <span class='ocrx_word' id='word_1_92' title='bbox 944 1870 1046 1940; x_wconf 78' lang='lat' dir='ltr'><strong>ortus</strong></span> <span class='ocrx_word' id='word_1_93' title='bbox 1063 1879 1145 1924; x_wconf 93' lang='lat' dir='ltr'><strong>cum</strong></span> <span class='ocrx_word' id='word_1_94' title='bbox 1162 1878 1214 1924; x_wconf 87' lang='lat' dir='ltr'><strong>as-</strong></span> 
     </span>
     <span class='ocr_line' id='line_1_12' title="bbox 147 1963 1215 2063; baseline -0.005 -24"><span class='ocrx_word' id='word_1_95' title='bbox 147 1993 276 2055; x_wconf 87' lang='lat' dir='ltr'><strong>sensu,</strong></span> <span class='ocrx_word' id='word_1_96' title='bbox 303 1966 434 2038; x_wconf 89' lang='lat' dir='ltr'><strong>deinde</strong></span> <span class='ocrx_word' id='word_1_97' title='bbox 462 1968 714 2037; x_wconf 89' lang='lat' dir='ltr'><strong>universorum</strong></span> <span class='ocrx_word' id='word_1_98' title='bbox 741 1990 848 2037; x_wconf 87' lang='lat' dir='ltr'><strong>voces</strong></span> <span class='ocrx_word' id='word_1_99' title='bbox 871 1963 967 2036; x_wconf 91' lang='lat' dir='ltr'><strong>idem</strong></span> <span class='ocrx_word' id='word_1_100' title='bbox 993 1967 1215 2063; x_wconf 88' lang='lat' dir='ltr'><strong>petentium,</strong></span> 
     </span>
     <span class='ocr_line' id='line_1_13' title="bbox 148 2073 1216 2174; baseline -0.003 -26"><span class='ocrx_word' id='word_1_101' title='bbox 148 2076 305 2148; x_wconf 67' lang='lat' dir='ltr'><strong>confusae</strong></span> <span class='ocrx_word' id='word_1_102' title='bbox 336 2080 374 2148; x_wconf 93' lang='lat' dir='ltr'><strong>in</strong></span> <span class='ocrx_word' id='word_1_103' title='bbox 409 2104 549 2166; x_wconf 89' lang='lat' dir='ltr'><strong>unum,</strong></span> <span class='ocrx_word' id='word_1_104' title='bbox 584 2079 784 2149; x_wconf 90' lang='lat' dir='ltr'><strong>orationem</strong></span> <span class='ocrx_word' id='word_1_105' title='bbox 813 2075 1094 2174; x_wconf 83' lang='lat' dir='ltr'><strong>interpellarunt.</strong></span> <span class='ocrx_word' id='word_1_106' title='bbox 1126 2073 1216 2145; x_wconf 88' lang='lat' dir='ltr'><strong>Inde</strong></span> 
     </span>
     <span class='ocr_line' id='line_1_14' title="bbox 148 2184 1216 2285; baseline -0.002 -29"><span class='ocrx_word' id='word_1_107' title='bbox 148 2186 308 2257; x_wconf 88' lang='lat' dir='ltr'><strong>AEmilius</strong></span> <span class='ocrx_word' id='word_1_108' title='bbox 331 2203 479 2284; x_wconf 89' lang='lat' dir='ltr'><strong>questus</strong></span> <span class='ocrx_word' id='word_1_109' title='bbox 503 2213 619 2285; x_wconf 90' lang='lat' dir='ltr'><strong>quum</strong></span> <span class='ocrx_word' id='word_1_110' title='bbox 642 2188 729 2274; x_wconf 88' lang='lat' dir='ltr'><strong>alia,</strong></span> <span class='ocrx_word' id='word_1_111' title='bbox 749 2202 827 2258; x_wconf 93' lang='lat' dir='ltr'><strong>tum</strong></span> <span class='ocrx_word' id='word_1_112' title='bbox 847 2184 906 2258; x_wconf 91' lang='lat' dir='ltr'><strong>bis</strong></span> <span class='ocrx_word' id='word_1_113' title='bbox 928 2210 948 2255; x_wconf 92' lang='lat' dir='ltr'><strong>a</strong></span> <span class='ocrx_word' id='word_1_114' title='bbox 966 2190 1014 2256; x_wconf 88' lang='grc' dir='ltr'><strong>Μ.</strong></span> <span class='ocrx_word' id='word_1_115' title='bbox 1033 2184 1159 2256; x_wconf 84' lang='lat' dir='ltr'><strong>Fulvio</strong></span> <span class='ocrx_word' id='word_1_116' title='bbox 1177 2207 1216 2254; x_wconf 87' lang='lat' dir='ltr'><strong>se</strong></span> 
     </span>
     <span class='ocr_line' id='line_1_15' title="bbox 148 2295 1215 2394; baseline -0.004 -26"><span class='ocrx_word' id='word_1_117' title='bbox 148 2313 247 2368; x_wconf 88' lang='lat' dir='ltr'><strong>certo</strong></span> <span class='ocrx_word' id='word_1_118' title='bbox 269 2298 457 2370; x_wconf 85' lang='lat' dir='ltr'><strong>consulatu</strong></span> <span class='ocrx_word' id='word_1_119' title='bbox 480 2299 659 2394; x_wconf 89' lang='lat' dir='ltr'><strong>dejectum</strong></span> <span class='ocrx_word' id='word_1_120' title='bbox 670 2295 697 2367; x_wconf 82' lang='lat'><strong>⁶.</strong></span> <span class='ocrx_word' id='word_1_121' title='bbox 722 2298 867 2369; x_wconf 90' lang='lat' dir='ltr'><strong>Fulvius</strong></span> <span class='ocrx_word' id='word_1_122' title='bbox 886 2312 1011 2367; x_wconf 90' lang='lat' dir='ltr'><strong>contra</strong></span> <span class='ocrx_word' id='word_1_123' title='bbox 1033 2295 1158 2392; x_wconf 87' lang='lat' dir='ltr'><strong>queri,</strong></span> <span class='ocrx_word' id='word_1_124' title='bbox 1177 2317 1215 2364; x_wconf 90' lang='lat' dir='ltr'><strong>se</strong></span> 
     </span>
     <span class='ocr_line' id='line_1_16' title="bbox 148 2405 1215 2505; baseline -0.005 -27"><span class='ocrx_word' id='word_1_125' title='bbox 148 2405 193 2478; x_wconf 92' lang='lat' dir='ltr'><strong>ab</strong></span> <span class='ocrx_word' id='word_1_126' title='bbox 214 2433 258 2478; x_wconf 90' lang='lat' dir='ltr'><strong>eo</strong></span> <span class='ocrx_word' id='word_1_127' title='bbox 279 2432 421 2505; x_wconf 88' lang='lat' dir='ltr'><strong>semper</strong></span> <span class='ocrx_word' id='word_1_128' title='bbox 437 2408 657 2496; x_wconf 87' lang='lat' dir='ltr'><strong>lacessitum,</strong></span> <span class='ocrx_word' id='word_1_129' title='bbox 678 2424 714 2480; x_wconf 87' lang='lat' dir='ltr'><strong>et</strong></span> <span class='ocrx_word' id='word_1_130' title='bbox 735 2407 965 2505; x_wconf 13' lang='lat' dir='ltr'><strong>iniprobrum</strong></span> <span class='ocrx_word' id='word_1_131' title='bbox 982 2429 1089 2477; x_wconf 91' lang='lat' dir='ltr'><strong>suum</strong></span> <span class='ocrx_word' id='word_1_132' title='bbox 1105 2428 1215 2501; x_wconf 92' lang='lat' dir='ltr'><strong>spon·</strong></span> 
     </span>
    </p>
   </div>
   <div class='ocr_carea' id='block_1_3' title="bbox 148 2513 1215 3274">
    <p class='ocr_par' dir='ltr' id='par_1_3' title="bbox 148 2513 1215 3274">
     <span class='ocr_line' id='line_1_17' title="bbox 148 2513 1213 2615; baseline -0.002 -30"><span class='ocrx_word' id='word_1_133' title='bbox 148 2518 285 2588; x_wconf 89' lang='lat' dir='ltr'><strong>sionem</strong></span> <span class='ocrx_word' id='word_1_134' title='bbox 304 2516 443 2592; x_wconf 86' lang='lat' dir='ltr'><strong>laetam.</strong></span> <span class='ocrx_word' id='word_1_135' title='bbox 462 2522 594 2589; x_wconf 80' lang='lat' dir='ltr'><strong>Tamen</strong></span> <span class='ocrx_word' id='word_1_136' title='bbox 615 2517 724 2589; x_wconf 88' lang='lat' dir='ltr'><strong>ambo</strong></span> <span class='ocrx_word' id='word_1_137' title='bbox 742 2516 961 2615; x_wconf 82' lang='lat' dir='ltr'><strong>significare,</strong></span> <span class='ocrx_word' id='word_1_138' title='bbox 982 2519 1012 2587; x_wconf 93' lang='lat' dir='ltr'><strong>si</strong></span> <span class='ocrx_word' id='word_1_139' title='bbox 1033 2516 1122 2587; x_wconf 89' lang='lat' dir='ltr'><strong>alter</strong></span> <span class='ocrx_word' id='word_1_140' title='bbox 1139 2513 1213 2585; x_wconf 86' lang='lat' dir='ltr'><strong>vel·</strong></span> 
     </span>
     <span class='ocr_line' id='line_1_18' title="bbox 149 2624 1212 2726; baseline -0.002 -30"><span class='ocrx_word' id='word_1_141' title='bbox 149 2627 217 2712; x_wconf 85' lang='lat' dir='ltr'><strong>let,</strong></span> <span class='ocrx_word' id='word_1_142' title='bbox 236 2652 274 2698; x_wconf 87' lang='lat' dir='ltr'><strong>sc</strong></span> <span class='ocrx_word' id='word_1_143' title='bbox 296 2628 333 2696; x_wconf 95' lang='lat' dir='ltr'><strong>in</strong></span> <span class='ocrx_word' id='word_1_144' title='bbox 357 2643 531 2724; x_wconf 86' lang='lat' dir='ltr'><strong>potestate</strong></span> <span class='ocrx_word' id='word_1_145' title='bbox 559 2644 613 2699; x_wconf 93' lang='lat' dir='ltr'><strong>tot</strong></span> <span class='ocrx_word' id='word_1_146' title='bbox 633 2630 839 2726; x_wconf 92' lang='lat' dir='ltr'><strong>principum</strong></span> <span class='ocrx_word' id='word_1_147' title='bbox 862 2629 1037 2700; x_wconf 76' lang='lat' dir='ltr'><strong>civitatis7</strong></span> <span class='ocrx_word' id='word_1_148' title='bbox 1060 2624 1212 2696; x_wconf 87' lang='lat' dir='ltr'><strong>futuros.</strong></span> 
     </span>
     <span class='ocr_line' id='line_1_19' title="bbox 149 2736 1215 2833; baseline -0.004 -25"><span class='ocrx_word' id='word_1_149' title='bbox 149 2737 328 2808; x_wconf 87' lang='lat' dir='ltr'><strong>Omnibus</strong></span> <span class='ocrx_word' id='word_1_150' title='bbox 342 2737 574 2821; x_wconf 86' lang='lat' dir='ltr'><strong>instantibus,</strong></span> <span class='ocrx_word' id='word_1_151' title='bbox 590 2740 654 2833; x_wconf 90' lang='lat' dir='ltr'><strong>qui</strong></span> <span class='ocrx_word' id='word_1_152' title='bbox 672 2738 840 2822; x_wconf 88' lang='lat' dir='ltr'><strong>aderant,</strong></span> <span class='ocrx_word' id='word_1_153' title='bbox 855 2737 1017 2809; x_wconf 85' lang='lat' dir='ltr'><strong>dexteras</strong></span> <span class='ocrx_word' id='word_1_154' title='bbox 1031 2736 1215 2832; x_wconf 82' lang='lat' dir='ltr'><strong>fidemque</strong></span> 
     </span>
     <span class='ocr_line' id='line_1_20' title="bbox 148 2842 1214 2930; baseline -0.006 -13"><span class='ocrx_word' id='word_1_155' title='bbox 148 2847 300 2930; x_wconf 80' lang='lat' dir='ltr'><strong>dedere,</strong></span> <span class='ocrx_word' id='word_1_156' title='bbox 321 2848 462 2918; x_wconf 87' lang='lat' dir='ltr'><strong>mittere</strong></span> <span class='ocrx_word' id='word_1_157' title='bbox 485 2872 570 2917; x_wconf 88' lang='lat' dir='ltr'><strong>vere</strong></span> <span class='ocrx_word' id='word_1_158' title='bbox 592 2871 633 2918; x_wconf 92' lang='lat' dir='ltr'><strong>ac</strong></span> <span class='ocrx_word' id='word_1_159' title='bbox 656 2846 762 2919; x_wconf 90' lang='lat' dir='ltr'><strong>finire</strong></span> <span class='ocrx_word' id='word_1_160' title='bbox 785 2848 910 2919; x_wconf 91' lang='lat' dir='ltr'><strong>odium</strong></span> <span class='ocrx_word' id='word_1_161' title='bbox 921 2844 946 2917; x_wconf 83' lang='lat'><strong>⁸.</strong></span> <span class='ocrx_word' id='word_1_162' title='bbox 965 2845 1124 2930; x_wconf 87' lang='lat' dir='ltr'><strong>Deinde,</strong></span> <span class='ocrx_word' id='word_1_163' title='bbox 1141 2842 1214 2913; x_wconf 93' lang='lat' dir='ltr'><strong>col·</strong></span> 
     </span>
     <span class='ocr_line' id='line_1_21' title="bbox 149 2956 1215 3054; baseline -0.005 -27"><span class='ocrx_word' id='word_1_164' title='bbox 149 2956 378 3027; x_wconf 89' lang='lat' dir='ltr'><strong>laudantibus</strong></span> <span class='ocrx_word' id='word_1_165' title='bbox 397 2958 556 3037; x_wconf 89' lang='lat' dir='ltr'><strong>cunctis,</strong></span> <span class='ocrx_word' id='word_1_166' title='bbox 575 2956 721 3029; x_wconf 89' lang='lat' dir='ltr'><strong>deducti</strong></span> <span class='ocrx_word' id='word_1_167' title='bbox 739 2974 823 3029; x_wconf 92' lang='lat' dir='ltr'><strong>sunt</strong></span> <span class='ocrx_word' id='word_1_168' title='bbox 843 2958 881 3028; x_wconf 90' lang='lat' dir='ltr'><strong>in</strong></span> <span class='ocrx_word' id='word_1_169' title='bbox 899 2956 1160 3054; x_wconf 80' lang='lat' dir='ltr'><strong>Capitolium93</strong></span> <span class='ocrx_word' id='word_1_170' title='bbox 1178 2966 1215 3022; x_wconf 91' lang='lat' dir='ltr'><strong>ct</strong></span> 
     </span>
     <span class='ocr_line' id='line_1_22' title="bbox 148 3066 1213 3166; baseline -0.007 -28"><span class='ocrx_word' id='word_1_171' title='bbox 148 3091 235 3138; x_wconf 87' lang='lat' dir='ltr'><strong>cura</strong></span> <span class='ocrx_word' id='word_1_172' title='bbox 257 3090 365 3164; x_wconf 85' lang='lat' dir='ltr'><strong>super</strong></span> <span class='ocrx_word' id='word_1_173' title='bbox 389 3066 450 3136; x_wconf 86' lang='lat' dir='ltr'><strong>tali</strong></span> <span class='ocrx_word' id='word_1_174' title='bbox 474 3091 514 3137; x_wconf 89' lang='lat' dir='ltr'><strong>re</strong></span> <span class='ocrx_word' id='word_1_175' title='bbox 538 3068 766 3166; x_wconf 90' lang='lat' dir='ltr'><strong>principum,</strong></span> <span class='ocrx_word' id='word_1_176' title='bbox 793 3084 830 3140; x_wconf 87' lang='lat' dir='ltr'><strong>et</strong></span> <span class='ocrx_word' id='word_1_177' title='bbox 853 3067 1000 3138; x_wconf 74' lang='lat' dir='ltr'><strong>facilitas</strong></span> <span class='ocrx_word' id='word_1_178' title='bbox 1022 3085 1213 3135; x_wconf 85' lang='lat' dir='ltr'><strong>censorum</strong></span> 
     </span>
     <span class='ocr_line' id='line_1_23' title="bbox 148 3174 1213 3274; baseline -0.007 -26"><span class='ocrx_word' id='word_1_179' title='bbox 148 3178 289 3274; x_wconf 82' lang='lat' dir='ltr'><strong>egregie</strong></span> <span class='ocrx_word' id='word_1_180' title='bbox 314 3174 549 3274; x_wconf 90' lang='lat' dir='ltr'><strong>comprobata</strong></span> <span class='ocrx_word' id='word_1_181' title='bbox 568 3177 614 3249; x_wconf 91' lang='lat' dir='ltr'><strong>ab</strong></span> <span class='ocrx_word' id='word_1_182' title='bbox 631 3196 755 3251; x_wconf 89' lang='lat' dir='ltr'><strong>senatu</strong></span> <span class='ocrx_word' id='word_1_183' title='bbox 779 3193 815 3250; x_wconf 90' lang='lat' dir='ltr'><strong>et</strong></span> <span class='ocrx_word' id='word_1_184' title='bbox 832 3175 974 3248; x_wconf 89' lang='lat' dir='ltr'><strong>laudata</strong></span> <span class='ocrx_word' id='word_1_185' title='bbox 994 3190 1057 3247; x_wconf 87' lang='lat' dir='ltr'><strong>cst.</strong></span> <span class='ocrx_word' id='word_1_186' title='bbox 1078 3178 1213 3244; x_wconf 88' lang='lat' dir='ltr'><strong>Censo-</strong></span> 
     </span>
    </p>
   </div>
   <div class='ocr_carea' id='block_1_4' title="bbox 148 3371 1216 4551">
    <p class='ocr_par' dir='ltr' id='par_1_4' title="bbox 148 3371 1216 4551">
     <span class='ocr_line' id='line_1_24' title="bbox 148 3371 1213 3439; baseline -0.003 -18"><span class='ocrx_word' id='word_1_187' title='bbox 148 3373 277 3439; x_wconf 84' lang='lat' dir='ltr'><strong>legendum</strong></span> <span class='ocrx_word' id='word_1_188' title='bbox 287 3374 381 3421; x_wconf 80' lang='lat' dir='ltr'><strong>credas:</strong></span> <span class='ocrx_word' id='word_1_189' title='bbox 391 3385 415 3420; x_wconf 93' lang='lat' dir='ltr'><strong>et</strong></span> <span class='ocrx_word' id='word_1_190' title='bbox 423 3389 482 3420; x_wconf 77' lang='lat' dir='ltr'><strong>vere</strong></span> <span class='ocrx_word' id='word_1_191' title='bbox 491 3385 514 3421; x_wconf 89' lang='lat' dir='ltr'><strong>et</strong></span> <span class='ocrx_word' id='word_1_192' title='bbox 522 3390 556 3420; x_wconf 72' lang='lat' dir='ltr'><strong>ea</strong></span> <span class='ocrx_word' id='word_1_193' title='bbox 566 3375 658 3423; x_wconf 72' lang='lat' dir='ltr'><strong>amineo.</strong></span> <span class='ocrx_word' id='word_1_194' title='bbox 702 3374 764 3423; x_wconf 84' lang='lat' dir='ltr'><strong>nihil</strong></span> <span class='ocrx_word' id='word_1_195' title='bbox 773 3375 799 3422; x_wconf 90' lang='lat' dir='ltr'><strong>in</strong></span> <span class='ocrx_word' id='word_1_196' title='bbox 810 3374 977 3438; x_wconf 76' lang='lat' dir='ltr'><strong>superioribus</strong></span> <span class='ocrx_word' id='word_1_197' title='bbox 986 3371 1213 3431; x_wconf 74' lang='lat' dir='ltr'><strong>dlxltlibris3Glar.</strong></span> 
     </span>
     <span class='ocr_line' id='line_1_25' title="bbox 186 3451 1212 3519; baseline 0 -19"><span class='ocrx_word' id='word_1_198' title='bbox 186 3455 210 3501; x_wconf 83' lang='lat'><strong>5.</strong></span> <span class='ocrx_word' id='word_1_199' title='bbox 225 3454 354 3502; x_wconf 82' lang='lat' dir='ltr'><strong>Amicitias</strong></span> <span class='ocrx_word' id='word_1_200' title='bbox 368 3455 530 3512; x_wconf 82' lang='lat' dir='ltr'><strong>immortales,</strong></span> <span class='ocrx_word' id='word_1_201' title='bbox 545 3455 659 3503; x_wconf 80' lang='lat' dir='ltr'><strong>taartales</strong></span> <span class='ocrx_word' id='word_1_202' title='bbox 739 3471 762 3514; x_wconf 84' lang='lat'><strong>7.</strong></span> <span class='ocrx_word' id='word_1_203' title='bbox 772 3456 802 3500; x_wconf 89' lang='lat' dir='ltr'><strong>Se</strong></span> <span class='ocrx_word' id='word_1_204' title='bbox 812 3455 837 3501; x_wconf 85' lang='lat' dir='ltr'><strong>in</strong></span> <span class='ocrx_word' id='word_1_205' title='bbox 845 3466 970 3518; x_wconf 73' lang='lat' dir='ltr'><strong>potestate</strong></span> <span class='ocrx_word' id='word_1_206' title='bbox 983 3466 1019 3502; x_wconf 88' lang='lat' dir='ltr'><strong>tot</strong></span> <span class='ocrx_word' id='word_1_207' title='bbox 1026 3473 1054 3519; x_wconf 92' lang='lat' dir='ltr'><strong>p.</strong></span> <span class='ocrx_word' id='word_1_208' title='bbox 1068 3451 1212 3518; x_wconf 83' lang='lat' dir='ltr'><strong>e.sutttros,·</strong></span> 
     </span>
     <span class='ocr_line' id='line_1_26' title="bbox 149 3532 998 3591; baseline 0.001 -12"><span class='ocrx_word' id='word_1_209' title='bbox 149 3532 289 3581; x_wconf 79' lang='lat' dir='ltr'><strong>inimicitias</strong></span> <span class='ocrx_word' id='word_1_210' title='bbox 300 3534 385 3581; x_wconf 82' lang='lat' dir='ltr'><strong>debere</strong></span> <span class='ocrx_word' id='word_1_211' title='bbox 394 3551 461 3581; x_wconf 84' lang='lat' dir='ltr'><strong>esse:</strong></span> <span class='ocrx_word' id='word_1_212' title='bbox 472 3537 506 3581; x_wconf 85' lang='lat' dir='ltr'><strong>sic</strong></span> <span class='ocrx_word' id='word_1_213' title='bbox 516 3534 586 3581; x_wconf 81' lang='lat' dir='ltr'><strong>verba</strong></span> <span class='ocrx_word' id='word_1_214' title='bbox 597 3535 660 3583; x_wconf 83' lang='lat' dir='ltr'><strong>sorte</strong></span> <span class='ocrx_word' id='word_1_215' title='bbox 703 3533 759 3581; x_wconf 84' lang='lat' dir='ltr'><strong>vide</strong></span> <span class='ocrx_word' id='word_1_216' title='bbox 769 3533 801 3581; x_wconf 83' lang='lat' dir='ltr'><strong>ad</strong></span> <span class='ocrx_word' id='word_1_217' title='bbox 811 3536 850 3591; x_wconf 94' lang='lat' dir='ltr'><strong>II,</strong></span> <span class='ocrx_word' id='word_1_218' title='bbox 861 3534 907 3590; x_wconf 80' lang='lat'><strong>56,</strong></span> <span class='ocrx_word' id='word_1_219' title='bbox 918 3550 944 3579; x_wconf 89' lang='lat' dir='ltr'><strong>n.</strong></span> <span class='ocrx_word' id='word_1_220' title='bbox 958 3535 998 3580; x_wconf 84' lang='lat'><strong>16.</strong></span> 
     </span>
     <span class='ocr_line' id='line_1_27' title="bbox 148 3609 1214 3680; baseline -0.003 -21"><span class='ocrx_word' id='word_1_221' title='bbox 148 3612 343 3677; x_wconf 74' lang='lat' dir='ltr'><strong>transponenda,</strong></span> <span class='ocrx_word' id='word_1_222' title='bbox 363 3613 418 3676; x_wconf 82' lang='lat' dir='ltr'><strong>quia</strong></span> <span class='ocrx_word' id='word_1_223' title='bbox 433 3628 484 3660; x_wconf 86' lang='lat' dir='ltr'><strong>vox</strong></span> <span class='ocrx_word' id='word_1_224' title='bbox 496 3612 611 3660; x_wconf 76' lang='lat' dir='ltr'><strong>anomalae</strong></span> <span class='ocrx_word' id='word_1_225' title='bbox 628 3613 659 3660; x_wconf 82' lang='lat' dir='ltr'><strong>ab</strong></span> <span class='ocrx_word' id='word_1_226' title='bbox 740 3614 763 3660; x_wconf 83' lang='lat'><strong>8.</strong></span> <span class='ocrx_word' id='word_1_227' title='bbox 775 3612 1028 3680; x_wconf 77' lang='lat' dir='ltr'><strong>Dexterasfidemque</strong></span> <span class='ocrx_word' id='word_1_228' title='bbox 1040 3611 1144 3668; x_wconf 84' lang='lat' dir='ltr'><strong>dedere,</strong></span> <span class='ocrx_word' id='word_1_229' title='bbox 1160 3609 1214 3657; x_wconf 87' lang='lat' dir='ltr'><strong>mit·</strong></span> 
     </span>
     <span class='ocr_line' id='line_1_28' title="bbox 149 3690 1215 3760; baseline 0 -22"><span class='ocrx_word' id='word_1_230' title='bbox 149 3691 206 3739; x_wconf 86' lang='lat' dir='ltr'><strong>edd.</strong></span> <span class='ocrx_word' id='word_1_231' title='bbox 222 3703 278 3740; x_wconf 83' lang='lat' dir='ltr'><strong>ante</strong></span> <span class='ocrx_word' id='word_1_232' title='bbox 297 3693 370 3740; x_wconf 79' lang='lat' dir='ltr'><strong>I&#39;rob.</strong></span> <span class='ocrx_word' id='word_1_233' title='bbox 387 3709 409 3740; x_wconf 83' lang='lat' dir='ltr'><strong>a.</strong></span> <span class='ocrx_word' id='word_1_234' title='bbox 427 3692 490 3738; x_wconf 81' lang='lat'>1531</span> <span class='ocrx_word' id='word_1_235' title='bbox 509 3691 590 3750; x_wconf 85' lang='lat' dir='ltr'><strong>abest,</strong></span> <span class='ocrx_word' id='word_1_236' title='bbox 604 3707 659 3755; x_wconf 80' lang='lat' dir='ltr'><strong>quat</strong></span> <span class='ocrx_word' id='word_1_237' title='bbox 703 3705 753 3740; x_wconf 88' lang='lat' dir='ltr'><strong>tere</strong></span> <span class='ocrx_word' id='word_1_238' title='bbox 773 3709 830 3740; x_wconf 81' lang='lat' dir='ltr'><strong>vere</strong></span> <span class='ocrx_word' id='word_1_239' title='bbox 848 3709 880 3739; x_wconf 85' lang='lat' dir='ltr'><strong>ae</strong></span> <span class='ocrx_word' id='word_1_240' title='bbox 889 3691 968 3760; x_wconf 82' lang='lat' dir='ltr'><strong>finire</strong></span> <span class='ocrx_word' id='word_1_241' title='bbox 985 3691 1067 3738; x_wconf 82' lang='lat' dir='ltr'><strong>odiam</strong></span> <span class='ocrx_word' id='word_1_242' title='bbox 1086 3707 1112 3737; x_wconf 81' lang='lat' dir='ltr'><strong>ee</strong></span> <span class='ocrx_word' id='word_1_243' title='bbox 1135 3690 1215 3749; x_wconf 73' lang='lat' dir='ltr'><strong>velle,</strong></span> 
     </span>
     <span class='ocr_line' id='line_1_29' title="bbox 150 3769 1212 3835; baseline 0 -18"><span class='ocrx_word' id='word_1_244' title='bbox 150 3772 182 3819; x_wconf 77' lang='lat' dir='ltr'><strong>ita</strong></span> <span class='ocrx_word' id='word_1_245' title='bbox 197 3769 292 3818; x_wconf 82' lang='lat' dir='ltr'><strong>facilius</strong></span> <span class='ocrx_word' id='word_1_246' title='bbox 300 3771 412 3819; x_wconf 80' lang='lat' dir='ltr'><strong>excidere</strong></span> <span class='ocrx_word' id='word_1_247' title='bbox 425 3771 659 3835; x_wconf 71' lang='lat' dir='ltr'><strong>potuit31ltalrenb.</strong></span> <span class='ocrx_word' id='word_1_248' title='bbox 703 3773 759 3820; x_wconf 85' lang='lat' dir='ltr'><strong>vide</strong></span> <span class='ocrx_word' id='word_1_249' title='bbox 772 3772 804 3820; x_wconf 85' lang='lat' dir='ltr'><strong>ad</strong></span> <span class='ocrx_word' id='word_1_250' title='bbox 822 3774 905 3829; x_wconf 85' lang='lat' dir='ltr'><strong>XXV,</strong></span> <span class='ocrx_word' id='word_1_251' title='bbox 922 3771 971 3830; x_wconf 77' lang='lat' dir='ltr'><strong>to,</strong></span> <span class='ocrx_word' id='word_1_252' title='bbox 985 3788 1012 3819; x_wconf 91' lang='grc' dir='ltr'><strong>ιι.</strong></span> <span class='ocrx_word' id='word_1_253' title='bbox 1034 3773 1065 3829; x_wconf 86' lang='grc'><strong>8,</strong></span> <span class='ocrx_word' id='word_1_254' title='bbox 1079 3782 1104 3818; x_wconf 86' lang='lat' dir='ltr'><strong>et</strong></span> <span class='ocrx_word' id='word_1_255' title='bbox 1117 3772 1212 3828; x_wconf 91' lang='lat' dir='ltr'><strong>XXX,</strong></span> 
     </span>
     <span class='ocr_line' id='line_1_30' title="bbox 149 3851 811 3911; baseline 0 -12"><span class='ocrx_word' id='word_1_256' title='bbox 149 3851 187 3899; x_wconf 83' lang='lat' dir='ltr'><strong>Cf.</strong></span> <span class='ocrx_word' id='word_1_257' title='bbox 203 3851 307 3899; x_wconf 74' lang='lat' dir='ltr'><strong>Aristot.</strong></span> <span class='ocrx_word' id='word_1_258' title='bbox 320 3851 393 3899; x_wconf 83' lang='lat' dir='ltr'><strong>Rbet.</strong></span> <span class='ocrx_word' id='word_1_259' title='bbox 408 3853 447 3908; x_wconf 94' lang='lat' dir='ltr'><strong>Il,</strong></span> <span class='ocrx_word' id='word_1_260' title='bbox 461 3866 510 3911; x_wconf 78' lang='grc' dir='ltr'><strong>ιι,</strong></span> <span class='ocrx_word' id='word_1_261' title='bbox 528 3863 552 3898; x_wconf 88' lang='lat' dir='ltr'><strong>et</strong></span> <span class='ocrx_word' id='word_1_262' title='bbox 567 3853 658 3900; x_wconf 84' lang='lat' dir='ltr'><strong>Erasm.</strong></span> <span class='ocrx_word' id='word_1_263' title='bbox 704 3853 732 3910; x_wconf 81' lang='lat'><strong>3,</strong></span> <span class='ocrx_word' id='word_1_264' title='bbox 746 3869 772 3900; x_wconf 90' lang='grc' dir='ltr'><strong>ιι.</strong></span> <span class='ocrx_word' id='word_1_265' title='bbox 788 3853 811 3899; x_wconf 82' lang='lat'><strong>3.</strong></span> 
     </span>
     <span class='ocr_line' id='line_1_31' title="bbox 149 3929 1214 3996; baseline -0.003 -16"><span class='ocrx_word' id='word_1_266' title='bbox 149 3930 227 3994; x_wconf 71' lang='lat' dir='ltr'><strong>Adag.</strong></span> <span class='ocrx_word' id='word_1_267' title='bbox 242 3931 280 3978; x_wconf 84' lang='lat' dir='ltr'><strong>tit.</strong></span> <span class='ocrx_word' id='word_1_268' title='bbox 294 3930 419 3979; x_wconf 77' lang='lat' dir='ltr'><strong>Amicitia.</strong></span> <span class='ocrx_word' id='word_1_269' title='bbox 434 3957 468 3966; x_wconf 93' lang='lat'>-</span> <span class='ocrx_word' id='word_1_270' title='bbox 478 3931 556 3978; x_wconf 82' lang='lat' dir='ltr'><strong>Notus</strong></span> <span class='ocrx_word' id='word_1_271' title='bbox 565 3942 602 3978; x_wconf 79' lang='lat' dir='ltr'><strong>eat</strong></span> <span class='ocrx_word' id='word_1_272' title='bbox 610 3947 661 3977; x_wconf 84' lang='lat' dir='ltr'><strong>ver·</strong></span> <span class='ocrx_word' id='word_1_273' title='bbox 739 3938 763 3992; x_wconf 81' lang='lat'><strong>9.</strong></span> <span class='ocrx_word' id='word_1_274' title='bbox 782 3929 887 3978; x_wconf 84' lang='lat' dir='ltr'><strong>Dedaeti</strong></span> <span class='ocrx_word' id='word_1_275' title='bbox 896 3941 952 3977; x_wconf 76' lang='lat' dir='ltr'><strong>erint</strong></span> <span class='ocrx_word' id='word_1_276' title='bbox 965 3931 989 3977; x_wconf 85' lang='lat' dir='ltr'><strong>ia</strong></span> <span class='ocrx_word' id='word_1_277' title='bbox 1006 3931 1170 3996; x_wconf 82' lang='lat' dir='ltr'><strong>Capitolium,</strong></span> <span class='ocrx_word' id='word_1_278' title='bbox 1188 3941 1214 3978; x_wconf 88' lang='lat' dir='ltr'><strong>ut</strong></span> 
     </span>
     <span class='ocr_line' id='line_1_32' title="bbox 149 4008 1214 4075; baseline 0.001 -20"><span class='ocrx_word' id='word_1_279' title='bbox 149 4025 189 4056; x_wconf 77' lang='lat' dir='ltr'><strong>aaa</strong></span> <span class='ocrx_word' id='word_1_280' title='bbox 213 4008 254 4056; x_wconf 85' lang='lat' dir='ltr'><strong>ille</strong></span> <span class='ocrx_word' id='word_1_281' title='bbox 274 4010 393 4072; x_wconf 71' lang='lat' dir='ltr'><strong>gallicus,</strong></span> <span class='ocrx_word' id='word_1_282' title='bbox 413 4027 426 4057; x_wconf 92' lang='lat' dir='ltr'><strong>e</strong></span> <span class='ocrx_word' id='word_1_283' title='bbox 449 4009 542 4059; x_wconf 79' lang='lat' dir='ltr'><strong>Graecie</strong></span> <span class='ocrx_word' id='word_1_284' title='bbox 562 4010 658 4057; x_wconf 78' lang='lat' dir='ltr'><strong>desum·</strong></span> <span class='ocrx_word' id='word_1_285' title='bbox 701 4010 785 4057; x_wconf 84' lang='lat' dir='ltr'><strong>inituri</strong></span> <span class='ocrx_word' id='word_1_286' title='bbox 798 4010 962 4072; x_wconf 80' lang='lat' dir='ltr'><strong>magistratum</strong></span> <span class='ocrx_word' id='word_1_287' title='bbox 979 4010 1032 4070; x_wconf 76' lang='lat' dir='ltr'><strong>eius</strong></span> <span class='ocrx_word' id='word_1_288' title='bbox 1048 4021 1163 4075; x_wconf 84' lang='lat' dir='ltr'><strong>caperent</strong></span> <span class='ocrx_word' id='word_1_289' title='bbox 1176 4011 1214 4056; x_wconf 84' lang='lat' dir='ltr'><strong>In·</strong></span> 
     </span>
     <span class='ocr_line' id='line_1_33' title="bbox 149 4087 1214 4154; baseline 0.001 -19"><span class='ocrx_word' id='word_1_290' title='bbox 149 4100 223 4151; x_wconf 81' lang='lat' dir='ltr'><strong>ptus:</strong></span> <span class='ocrx_word' id='word_1_291' title='bbox 247 4111 259 4130; x_wconf 71' lang='grc' dir='ltr'><strong>«ι</strong></span> <span class='ocrx_word' id='word_1_292' title='bbox 273 4089 380 4149; x_wconf 85' lang='lat' dir='ltr'><strong>Mortel‚</strong></span> <span class='ocrx_word' id='word_1_293' title='bbox 409 4106 440 4136; x_wconf 86' lang='lat' dir='ltr'><strong>ne</strong></span> <span class='ocrx_word' id='word_1_294' title='bbox 457 4088 530 4151; x_wconf 78' lang='lat' dir='ltr'><strong>garde</strong></span> <span class='ocrx_word' id='word_1_295' title='bbox 549 4105 593 4154; x_wconf 81' lang='lat' dir='ltr'><strong>pas</strong></span> <span class='ocrx_word' id='word_1_296' title='bbox 611 4104 659 4136; x_wconf 88' lang='lat' dir='ltr'><strong>une</strong></span> <span class='ocrx_word' id='word_1_297' title='bbox 702 4089 780 4153; x_wconf 78' lang='lat' dir='ltr'><strong>signia</strong></span> <span class='ocrx_word' id='word_1_298' title='bbox 798 4099 822 4135; x_wconf 88' lang='lat' dir='ltr'><strong>et</strong></span> <span class='ocrx_word' id='word_1_299' title='bbox 840 4087 865 4135; x_wconf 87' lang='lat' dir='ltr'><strong>iu</strong></span> <span class='ocrx_word' id='word_1_300' title='bbox 884 4088 948 4151; x_wconf 80' lang='lat' dir='ltr'><strong>leges</strong></span> <span class='ocrx_word' id='word_1_301' title='bbox 962 4090 1161 4150; x_wconf 80' lang='lat' dir='ltr'><strong>jurarent,lorte</strong></span> <span class='ocrx_word' id='word_1_302' title='bbox 1174 4099 1214 4146; x_wconf 87' lang='lat' dir='ltr'><strong>et,</strong></span> 
     </span>
     <span class='ocr_line' id='line_1_34' title="bbox 149 4166 1216 4233; baseline 0 -19"><span class='ocrx_word' id='word_1_303' title='bbox 149 4166 403 4215; x_wconf 74' lang='lat' dir='ltr'><strong>hrincimmortellen.</strong></span> <span class='ocrx_word' id='word_1_304' title='bbox 419 4169 463 4215; x_wconf 84' lang='lat' dir='ltr'><strong>En.</strong></span> <span class='ocrx_word' id='word_1_305' title='bbox 703 4179 730 4217; x_wconf 84' lang='lat' dir='ltr'><strong>ut</strong></span> <span class='ocrx_word' id='word_1_306' title='bbox 758 4167 870 4215; x_wconf 81' lang='lat' dir='ltr'><strong>consules</strong></span> <span class='ocrx_word' id='word_1_307' title='bbox 894 4168 941 4216; x_wconf 84' lang='lat' dir='ltr'><strong>diis</strong></span> <span class='ocrx_word' id='word_1_308' title='bbox 960 4168 996 4216; x_wconf 87' lang='lat' dir='ltr'><strong>ibi</strong></span> <span class='ocrx_word' id='word_1_309' title='bbox 1015 4170 1103 4233; x_wconf 76' lang='lat' dir='ltr'><strong>gratias</strong></span> <span class='ocrx_word' id='word_1_310' title='bbox 1116 4177 1216 4231; x_wconf 78' lang='lat' dir='ltr'><strong>agerent</strong></span> 
     </span>
     <span class='ocr_line' id='line_1_35' title="bbox 185 4247 1213 4318; baseline 0.002 -26"><span class='ocrx_word' id='word_1_311' title='bbox 185 4247 209 4292; x_wconf 88' lang='grc'><strong>6.</strong></span> <span class='ocrx_word' id='word_1_312' title='bbox 223 4247 265 4293; x_wconf 80' lang='lat' dir='ltr'><strong>Bis</strong></span> <span class='ocrx_word' id='word_1_313' title='bbox 275 4263 293 4293; x_wconf 90' lang='lat' dir='ltr'><strong>a</strong></span> <span class='ocrx_word' id='word_1_314' title='bbox 308 4249 342 4293; x_wconf 80' lang='lat' dir='ltr'><strong>M.</strong></span> <span class='ocrx_word' id='word_1_315' title='bbox 360 4247 442 4294; x_wconf 77' lang='lat' dir='ltr'><strong>Fulvio</strong></span> <span class='ocrx_word' id='word_1_316' title='bbox 453 4264 479 4294; x_wconf 86' lang='lat' dir='ltr'><strong>se</strong></span> <span class='ocrx_word' id='word_1_317' title='bbox 492 4259 557 4318; x_wconf 83' lang='lat' dir='ltr'><strong>certa</strong></span> <span class='ocrx_word' id='word_1_318' title='bbox 572 4264 658 4310; x_wconf 80' lang='lat' dir='ltr'><strong>eonsu-</strong></span> <span class='ocrx_word' id='word_1_319' title='bbox 703 4264 750 4312; x_wconf 88' lang='lat' dir='ltr'><strong>pro</strong></span> <span class='ocrx_word' id='word_1_320' title='bbox 764 4260 865 4313; x_wconf 83' lang='lat' dir='ltr'><strong>accepto</strong></span> <span class='ocrx_word' id='word_1_321' title='bbox 878 4249 982 4310; x_wconf 72' lang='lat' dir='ltr'><strong>honore,</strong></span> <span class='ocrx_word' id='word_1_322' title='bbox 995 4261 1020 4299; x_wconf 84' lang='lat' dir='ltr'><strong>et</strong></span> <span class='ocrx_word' id='word_1_323' title='bbox 1036 4261 1092 4297; x_wconf 82' lang='lat' dir='ltr'><strong>vota</strong></span> <span class='ocrx_word' id='word_1_324' title='bbox 1104 4248 1213 4311; x_wconf 79' lang='lat' dir='ltr'><strong>suscipe·</strong></span> 
     </span>
     <span class='ocr_line' id='line_1_36' title="bbox 150 4324 1212 4389; baseline 0.006 -19"><span class='ocrx_word' id='word_1_325' title='bbox 150 4325 201 4371; x_wconf 84' lang='lat' dir='ltr'><strong>lata</strong></span> <span class='ocrx_word' id='word_1_326' title='bbox 216 4324 354 4389; x_wconf 68' lang='lat' dir='ltr'><strong>dejectum</strong></span> <span class='ocrx_word' id='word_1_327' title='bbox 367 4325 416 4373; x_wconf 77' lang='lat' dir='ltr'><strong>vid,</strong></span> <span class='ocrx_word' id='word_1_328' title='bbox 437 4327 554 4383; x_wconf 82' lang='lat'><strong>111,35,</strong></span> <span class='ocrx_word' id='word_1_329' title='bbox 572 4344 598 4374; x_wconf 90' lang='grc' dir='ltr'><strong>ιι.</strong></span> <span class='ocrx_word' id='word_1_330' title='bbox 614 4343 660 4385; x_wconf 87' lang='grc' dir='ltr'><strong>ιο,</strong></span> <span class='ocrx_word' id='word_1_331' title='bbox 704 4341 766 4378; x_wconf 85' lang='lat' dir='ltr'><strong>rent.</strong></span> <span class='ocrx_word' id='word_1_332' title='bbox 785 4329 857 4377; x_wconf 82' lang='lat' dir='ltr'><strong>Coni.</strong></span> <span class='ocrx_word' id='word_1_333' title='bbox 871 4330 945 4378; x_wconf 79' lang='lat' dir='ltr'><strong>Dral.</strong></span> <span class='ocrx_word' id='word_1_334' title='bbox 959 4331 1028 4378; x_wconf 81' lang='lat' dir='ltr'><strong>adh.</strong></span> <span class='ocrx_word' id='word_1_335' title='bbox 1047 4331 1065 4377; x_wconf 93' lang='lat' dir='ltr'><strong>l.</strong></span> <span class='ocrx_word' id='word_1_336' title='bbox 1082 4341 1107 4377; x_wconf 87' lang='lat' dir='ltr'><strong>et</strong></span> <span class='ocrx_word' id='word_1_337' title='bbox 1120 4327 1212 4376; x_wconf 87' lang='lat' dir='ltr'><strong>Gruch.</strong></span> 
     </span>
     <span class='ocr_line' id='line_1_37' title="bbox 149 4404 1215 4466; baseline 0.003 -17"><span class='ocrx_word' id='word_1_338' title='bbox 149 4413 174 4450; x_wconf 84' lang='lat' dir='ltr'><strong>et</strong></span> <span class='ocrx_word' id='word_1_339' title='bbox 183 4404 249 4451; x_wconf 82' lang='lat' dir='ltr'><strong>coni.</strong></span> <span class='ocrx_word' id='word_1_340' title='bbox 260 4406 410 4463; x_wconf 80' lang='lat' dir='ltr'><strong>XXXVIII,</strong></span> <span class='ocrx_word' id='word_1_341' title='bbox 422 4406 455 4454; x_wconf 75' lang='lat'><strong>35</strong></span> <span class='ocrx_word' id='word_1_342' title='bbox 461 4439 468 4462; x_wconf 95' lang='lat'><strong>,</strong></span> <span class='ocrx_word' id='word_1_343' title='bbox 478 4414 509 4462; x_wconf 76' lang='lat' dir='ltr'><strong>ta</strong></span> <span class='ocrx_word' id='word_1_344' title='bbox 519 4423 526 4464; x_wconf 89' lang='lat'><strong>;</strong></span> <span class='ocrx_word' id='word_1_345' title='bbox 538 4408 660 4464; x_wconf 87' lang='lat' dir='ltr'><strong>XXXIX,</strong></span> <span class='ocrx_word' id='word_1_346' title='bbox 704 4408 734 4456; x_wconf 91' lang='lat' dir='ltr'><strong>de</strong></span> <span class='ocrx_word' id='word_1_347' title='bbox 748 4410 817 4457; x_wconf 86' lang='lat' dir='ltr'><strong>Corn.</strong></span> <span class='ocrx_word' id='word_1_348' title='bbox 828 4411 854 4466; x_wconf 93' lang='lat'><strong>1,</strong></span> <span class='ocrx_word' id='word_1_349' title='bbox 868 4410 893 4456; x_wconf 88' lang='grc'><strong>6.</strong></span> <span class='ocrx_word' id='word_1_350' title='bbox 904 4409 1063 4457; x_wconf 81' lang='lat' dir='ltr'><strong>-Facilitas</strong></span> <span class='ocrx_word' id='word_1_351' title='bbox 1074 4422 1215 4464; x_wconf 82' lang='lat' dir='ltr'><strong>censorum,-</strong></span> 
     </span>
     <span class='ocr_line' id='line_1_38' title="bbox 152 4481 1003 4551; baseline 0.004 -21"><span class='ocrx_word' id='word_1_352' title='bbox 152 4481 193 4530; x_wconf 80' lang='lat'><strong>56.</strong></span> <span class='ocrx_word' id='word_1_353' title='bbox 208 4508 242 4519; x_wconf 88' lang='lat'><em>-</em></span> <span class='ocrx_word' id='word_1_354' title='bbox 259 4485 414 4547; x_wconf 80' lang='lat' dir='ltr'><strong>Sponsionem</strong></span> <span class='ocrx_word' id='word_1_355' title='bbox 426 4484 541 4551; x_wconf 86' lang='lat' dir='ltr'><strong>saetam,</strong></span> <span class='ocrx_word' id='word_1_356' title='bbox 563 4485 593 4534; x_wconf 86' lang='lat' dir='ltr'><strong>de</strong></span> <span class='ocrx_word' id='word_1_357' title='bbox 612 4502 660 4550; x_wconf 78' lang='lat' dir='ltr'><strong>qua</strong></span> <span class='ocrx_word' id='word_1_358' title='bbox 704 4487 760 4536; x_wconf 82' lang='lat' dir='ltr'><strong>vide</strong></span> <span class='ocrx_word' id='word_1_359' title='bbox 773 4487 805 4535; x_wconf 79' lang='lat' dir='ltr'><strong>ad</strong></span> <span class='ocrx_word' id='word_1_360' title='bbox 817 4489 869 4546; x_wconf 89' lang='lat'><strong>111,</strong></span> <span class='ocrx_word' id='word_1_361' title='bbox 884 4503 931 4547; x_wconf 87' lang='lat'><strong>70,</strong></span> <span class='ocrx_word' id='word_1_362' title='bbox 943 4502 968 4535; x_wconf 88' lang='lat' dir='ltr'><strong>n.</strong></span> <span class='ocrx_word' id='word_1_363' title='bbox 983 4502 1003 4533; x_wconf 86' lang='lat'><strong>1.</strong></span> 
     </span>
    </p>
   </div>
   <div class='ocr_carea' id='block_1_5' title="bbox 0 0 1372 5040">
    <p class='ocr_par' dir='ltr' id='par_1_5' title="bbox 0 0 1372 5040">
     <span class='ocr_line' id='line_1_39' title="bbox 0 0 1372 5040; baseline 0 0"><span class='ocrx_word' id='word_1_364' title='bbox 0 0 1372 5040; x_wconf 95' lang='lat' dir='ltr'><strong> </strong></span> 
     </span>
    </p>
   </div>
  </div>
 </body>
</html>
