<?xml version="1.0" encoding="UTF-8"?>
<!DOCTYPE html PUBLIC "-//W3C//DTD XHTML 1.0 Transitional//EN"
    "http://www.w3.org/TR/xhtml1/DTD/xhtml1-transitional.dtd">
<html xmlns="http://www.w3.org/1999/xhtml" xml:lang="en" lang="en">
 <head>
  <title>
</title>
<meta http-equiv="Content-Type" content="text/html;charset=utf-8" />
  <meta name='ocr-system' content='tesseract 3.04.00' />
  <meta name='ocr-capabilities' content='ocr_page ocr_carea ocr_par ocr_line ocrx_word'/>
</head>
<body>
  <div class='ocr_page' id='page_1' title='image "./titusliviuspata05freigoog_0253.png"; bbox 0 0 2722 5040; ppageno 0'>
   <div class='ocr_carea' id='block_1_1' title="bbox 174 683 1250 3108">
    <p class='ocr_par' dir='ltr' id='par_1_1' title="bbox 180 683 1250 1876">
     <span class='ocr_line' id='line_1_1' title="bbox 188 683 1225 800; baseline 0.001 -15"><span class='ocrx_word' id='word_1_1' title='bbox 188 702 257 785; x_wconf 68' lang='lat' dir='ltr'><strong>aaa</strong></span> <span class='ocrx_word' id='word_1_2' title='bbox 611 701 651 766; x_wconf 77' lang='grc' dir='ltr'><strong>ι’.</strong></span> <span class='ocrx_word' id='word_1_3' title='bbox 685 702 825 800; x_wconf 78' lang='lat' dir='ltr'><strong>mvn</strong></span> <span class='ocrx_word' id='word_1_4' title='bbox 1102 683 1225 788; x_wconf 68' lang='lat' dir='ltr'><strong>tztzttz</strong></span> 
     </span>
     <span class='ocr_line' id='line_1_2' title="bbox 187 809 1249 906; baseline 0.008 -23"><span class='ocrx_word' id='word_1_5' title='bbox 187 812 277 884; x_wconf 86' lang='lat' dir='ltr'><strong>tium</strong></span> <span class='ocrx_word' id='word_1_6' title='bbox 292 810 422 906; x_wconf 85' lang='lat' dir='ltr'><strong>magis,</strong></span> <span class='ocrx_word' id='word_1_7' title='bbox 438 833 547 906; x_wconf 91' lang='lat' dir='ltr'><strong>quam</strong></span> <span class='ocrx_word' id='word_1_8' title='bbox 563 812 599 879; x_wconf 91' lang='lat' dir='ltr'><strong>in</strong></span> <span class='ocrx_word' id='word_1_9' title='bbox 612 809 749 882; x_wconf 92' lang='lat' dir='ltr'><strong>bellum</strong></span> <span class='ocrx_word' id='word_1_10' title='bbox 764 813 945 899; x_wconf 87' lang='lat' dir='ltr'><strong>euntium,</strong></span> <span class='ocrx_word' id='word_1_11' title='bbox 961 814 1082 888; x_wconf 89' lang='lat' dir='ltr'><strong>modo.</strong></span> <span class='ocrx_word' id='word_1_12' title='bbox 1098 819 1249 905; x_wconf 85' lang='lat' dir='ltr'><strong>Consul,</strong></span> 
     </span>
     <span class='ocr_line' id='line_1_3' title="bbox 185 919 1250 1014; baseline 0.008 -22"><span class='ocrx_word' id='word_1_13' title='bbox 185 922 293 993; x_wconf 87' lang='lat' dir='ltr'><strong>armis</strong></span> <span class='ocrx_word' id='word_1_14' title='bbox 311 919 471 990; x_wconf 88' lang='lat' dir='ltr'><strong>hostium</strong></span> <span class='ocrx_word' id='word_1_15' title='bbox 487 920 526 988; x_wconf 92' lang='lat' dir='ltr'><strong>in</strong></span> <span class='ocrx_word' id='word_1_16' title='bbox 545 944 620 990; x_wconf 90' lang='lat' dir='ltr'><strong>uno</strong></span> <span class='ocrx_word' id='word_1_17' title='bbox 641 923 880 993; x_wconf 88' lang='lat' dir='ltr'><strong>concrematis</strong></span> <span class='ocrx_word' id='word_1_18' title='bbox 902 926 1066 1014; x_wconf 89' lang='lat' dir='ltr'><strong>cumulo,</strong></span> <span class='ocrx_word' id='word_1_19' title='bbox 1086 944 1250 1000; x_wconf 78' lang='lat' dir='ltr'><strong>caeteram</strong></span> 
     </span>
     <span class='ocr_line' id='line_1_4' title="bbox 185 1018 1250 1136; baseline 0.008 -35"><span class='ocrx_word' id='word_1_20' title='bbox 185 1018 343 1130; x_wconf 81' lang='lat' dir='ltr'><strong>praedam</strong></span> <span class='ocrx_word' id='word_1_21' title='bbox 358 1024 524 1099; x_wconf 85' lang='lat' dir='ltr'><strong>conferre</strong></span> <span class='ocrx_word' id='word_1_22' title='bbox 539 1053 665 1100; x_wconf 90' lang='lat' dir='ltr'><strong>omnes</strong></span> <span class='ocrx_word' id='word_1_23' title='bbox 679 1031 804 1126; x_wconf 89' lang='lat' dir='ltr'><strong>jussit,</strong></span> <span class='ocrx_word' id='word_1_24' title='bbox 826 1045 862 1103; x_wconf 90' lang='lat' dir='ltr'><strong>et</strong></span> <span class='ocrx_word' id='word_1_25' title='bbox 876 1048 937 1104; x_wconf 88' lang='lat' dir='ltr'><strong>aut</strong></span> <span class='ocrx_word' id='word_1_26' title='bbox 950 1035 1132 1131; x_wconf 86' lang='lat' dir='ltr'><strong>¹vendidit,</strong></span> <span class='ocrx_word' id='word_1_27' title='bbox 1148 1039 1250 1136; x_wconf 90' lang='lat' dir='ltr'><strong>quod</strong></span> 
     </span>
     <span class='ocr_line' id='line_1_5' title="bbox 184 1136 1249 1237; baseline 0.007 -24"><span class='ocrx_word' id='word_1_28' title='bbox 184 1141 262 1236; x_wconf 90' lang='lat' dir='ltr'><strong>ejus</strong></span> <span class='ocrx_word' id='word_1_29' title='bbox 281 1141 319 1210; x_wconf 90' lang='lat' dir='ltr'><strong>in</strong></span> <span class='ocrx_word' id='word_1_30' title='bbox 338 1136 524 1236; x_wconf 86' lang='lat' dir='ltr'><strong>publicum</strong></span> <span class='ocrx_word' id='word_1_31' title='bbox 546 1138 784 1237; x_wconf 87' lang='lat' dir='ltr'><strong>redigendum</strong></span> <span class='ocrx_word' id='word_1_32' title='bbox 804 1156 898 1228; x_wconf 90' lang='lat' dir='ltr'><strong>erat,</strong></span> <span class='ocrx_word' id='word_1_33' title='bbox 914 1159 977 1215; x_wconf 90' lang='lat' dir='ltr'><strong>aut</strong></span> <span class='ocrx_word' id='word_1_34' title='bbox 991 1169 1072 1217; x_wconf 90' lang='lat' dir='ltr'><strong>cum</strong></span> <span class='ocrx_word' id='word_1_35' title='bbox 1087 1171 1189 1236; x_wconf 88' lang='lat' dir='ltr'><strong>eura,</strong></span> <span class='ocrx_word' id='word_1_36' title='bbox 1209 1164 1249 1220; x_wconf 91' lang='lat' dir='ltr'><strong>nt</strong></span> 
     </span>
     <span class='ocr_line' id='line_1_6' title="bbox 183 1249 1248 1349; baseline 0.008 -26"><span class='ocrx_word' id='word_1_37' title='bbox 183 1275 293 1349; x_wconf 91' lang='lat' dir='ltr'><strong>quam</strong></span> <span class='ocrx_word' id='word_1_38' title='bbox 316 1249 516 1346; x_wconf 78' lang='lat' dir='ltr'><strong>aequissima</strong></span> <span class='ocrx_word' id='word_1_39' title='bbox 537 1262 650 1335; x_wconf 86' lang='lat' dir='ltr'><strong>esset,</strong></span> <span class='ocrx_word' id='word_1_40' title='bbox 672 1273 739 1347; x_wconf 91' lang='lat' dir='ltr'><strong>per</strong></span> <span class='ocrx_word' id='word_1_41' title='bbox 763 1249 895 1322; x_wconf 85' lang='lat' dir='ltr'>milites</span> <span class='ocrx_word' id='word_1_42' title='bbox 917 1253 1035 1325; x_wconf 85' lang='lat' dir='ltr'><strong>divisit</strong></span> <span class='ocrx_word' id='word_1_43' title='bbox 1048 1258 1072 1325; x_wconf 81' lang='lat'><strong>⁴.</strong></span> <span class='ocrx_word' id='word_1_44' title='bbox 1097 1258 1248 1331; x_wconf 89' lang='lat' dir='ltr'><strong>Laudati</strong></span> 
     </span>
     <span class='ocr_line' id='line_1_7' title="bbox 182 1359 1248 1464; baseline 0.008 -31"><span class='ocrx_word' id='word_1_45' title='bbox 182 1385 333 1460; x_wconf 90' lang='lat' dir='ltr'><strong>quoque</strong></span> <span class='ocrx_word' id='word_1_46' title='bbox 347 1384 414 1457; x_wconf 88' lang='lat' dir='ltr'><strong>pro</strong></span> <span class='ocrx_word' id='word_1_47' title='bbox 428 1359 604 1430; x_wconf 87' lang='lat' dir='ltr'>concione</span> <span class='ocrx_word' id='word_1_48' title='bbox 619 1383 746 1431; x_wconf 86' lang='lat' dir='ltr'><strong>omnes</strong></span> <span class='ocrx_word' id='word_1_49' title='bbox 764 1374 869 1447; x_wconf 86' lang='lat' dir='ltr'><strong>sunt,</strong></span> <span class='ocrx_word' id='word_1_50' title='bbox 885 1360 1082 1460; x_wconf 89' lang='lat' dir='ltr'><strong>donatique</strong></span> <span class='ocrx_word' id='word_1_51' title='bbox 1096 1391 1164 1464; x_wconf 88' lang='lat' dir='ltr'><strong>pro</strong></span> <span class='ocrx_word' id='word_1_52' title='bbox 1178 1393 1248 1442; x_wconf 89' lang='lat' dir='ltr'><strong>me·</strong></span> 
     </span>
     <span class='ocr_line' id='line_1_8' title="bbox 180 1471 1246 1569; baseline 0.007 -25"><span class='ocrx_word' id='word_1_53' title='bbox 180 1476 253 1545; x_wconf 93' lang='lat' dir='ltr'><strong>rito</strong></span> <span class='ocrx_word' id='word_1_54' title='bbox 267 1472 443 1569; x_wconf 75' lang='lat' dir='ltr'><strong>quisque,</strong></span> <span class='ocrx_word' id='word_1_55' title='bbox 461 1485 545 1542; x_wconf 90' lang='lat' dir='ltr'><strong>ante</strong></span> <span class='ocrx_word' id='word_1_56' title='bbox 557 1494 684 1541; x_wconf 90' lang='lat' dir='ltr'><strong>omnes</strong></span> <span class='ocrx_word' id='word_1_57' title='bbox 698 1471 859 1558; x_wconf 82' lang='lat' dir='ltr'><strong>Attalus,</strong></span> <span class='ocrx_word' id='word_1_58' title='bbox 877 1497 1018 1546; x_wconf 85' lang='lat' dir='ltr'><strong>summo</strong></span> <span class='ocrx_word' id='word_1_59' title='bbox 1036 1490 1246 1551; x_wconf 79' lang='lat' dir='ltr'><strong>caeterorum</strong></span> 
     </span>
     <span class='ocr_line' id='line_1_9' title="bbox 182 1570 1247 1681; baseline 0.006 -25"><span class='ocrx_word' id='word_1_60' title='bbox 182 1607 340 1656; x_wconf 87' lang='lat' dir='ltr'><strong>assensu.</strong></span> <span class='ocrx_word' id='word_1_61' title='bbox 361 1585 452 1654; x_wconf 86' lang='lat' dir='ltr'><strong>Nam</strong></span> <span class='ocrx_word' id='word_1_62' title='bbox 473 1581 661 1677; x_wconf 85' lang='lat' dir='ltr'><strong>singularis</strong></span> <span class='ocrx_word' id='word_1_63' title='bbox 682 1580 758 1675; x_wconf 88' lang='lat' dir='ltr'><strong>ejus</strong></span> <span class='ocrx_word' id='word_1_64' title='bbox 774 1580 919 1675; x_wconf 88' lang='lat' dir='ltr'><strong>juvenis</strong></span> <span class='ocrx_word' id='word_1_65' title='bbox 940 1608 1054 1681; x_wconf 88' lang='lat' dir='ltr'><strong>quum</strong></span> <span class='ocrx_word' id='word_1_66' title='bbox 1077 1570 1190 1660; x_wconf 84' lang='lat' dir='ltr'><strong>virtus</strong></span> <span class='ocrx_word' id='word_1_67' title='bbox 1210 1606 1247 1661; x_wconf 87' lang='lat' dir='ltr'><strong>et</strong></span> 
     </span>
     <span class='ocr_line' id='line_1_10' title="bbox 181 1688 1244 1789; baseline -0.001 -23"><span class='ocrx_word' id='word_1_68' title='bbox 181 1694 356 1766; x_wconf 87' lang='lat' dir='ltr'><strong>industria</strong></span> <span class='ocrx_word' id='word_1_69' title='bbox 368 1692 406 1761; x_wconf 89' lang='lat' dir='ltr'><strong>in</strong></span> <span class='ocrx_word' id='word_1_70' title='bbox 416 1689 588 1761; x_wconf 85' lang='lat' dir='ltr'><strong>omnibus</strong></span> <span class='ocrx_word' id='word_1_71' title='bbox 602 1688 788 1761; x_wconf 85' lang='lat' dir='ltr'>laboribus</span> <span class='ocrx_word' id='word_1_72' title='bbox 802 1691 1060 1789; x_wconf 80' lang='lat' dir='ltr'>periculisque,</span> <span class='ocrx_word' id='word_1_73' title='bbox 1075 1709 1152 1766; x_wconf 86' lang='lat' dir='ltr'><strong>turn</strong></span> <span class='ocrx_word' id='word_1_74' title='bbox 1166 1723 1244 1770; x_wconf 89' lang='lat' dir='ltr'><strong>mo-</strong></span> 
     </span>
     <span class='ocr_line' id='line_1_11' title="bbox 180 1798 567 1876; baseline -0.018 -1"><span class='ocrx_word' id='word_1_75' title='bbox 180 1804 292 1876; x_wconf 87' lang='lat' dir='ltr'><strong>destia</strong></span> <span class='ocrx_word' id='word_1_76' title='bbox 313 1803 421 1874; x_wconf 89' lang='lat' dir='ltr'><strong>etiam</strong></span> <span class='ocrx_word' id='word_1_77' title='bbox 439 1798 567 1872; x_wconf 84' lang='lat' dir='ltr'><strong>fuerat.</strong></span> 
     </span>
    </p>

    <p class='ocr_par' dir='ltr' id='par_1_2' title="bbox 174 1907 1244 3108">
     <span class='ocr_line' id='line_1_12' title="bbox 227 1907 1243 2016; baseline 0.009 -33"><span class='ocrx_word' id='word_1_78' title='bbox 227 1916 353 1985; x_wconf 84' lang='lat' dir='ltr'>XXIV.</span> <span class='ocrx_word' id='word_1_79' title='bbox 368 1915 560 2007; x_wconf 83' lang='lat' dir='ltr'><strong>Supererat</strong></span> <span class='ocrx_word' id='word_1_80' title='bbox 572 1907 709 1980; x_wconf 88' lang='lat' dir='ltr'><strong>bellum</strong></span> <span class='ocrx_word' id='word_1_81' title='bbox 720 1911 902 2008; x_wconf 85' lang='lat' dir='ltr'><strong>integrum</strong></span> <span class='ocrx_word' id='word_1_82' title='bbox 914 1924 1016 1984; x_wconf 87' lang='lat' dir='ltr'><strong>cum¹</strong></span> <span class='ocrx_word' id='word_1_83' title='bbox 1030 1920 1243 2016; x_wconf 80' lang='lat' dir='ltr'><strong>Tectosagis.</strong></span> 
     </span>
     <span class='ocr_line' id='line_1_13' title="bbox 179 2018 1244 2121; baseline 0.004 -26"><span class='ocrx_word' id='word_1_84' title='bbox 179 2022 233 2095; x_wconf 81' lang='lat' dir='ltr'><strong>Ad</strong></span> <span class='ocrx_word' id='word_1_85' title='bbox 249 2047 311 2095; x_wconf 91' lang='lat' dir='ltr'><strong>eos</strong></span> <span class='ocrx_word' id='word_1_86' title='bbox 329 2018 513 2120; x_wconf 85' lang='lat' dir='ltr'><strong>profectus</strong></span> <span class='ocrx_word' id='word_1_87' title='bbox 533 2018 679 2106; x_wconf 88' lang='lat' dir='ltr'><strong>consul,</strong></span> <span class='ocrx_word' id='word_1_88' title='bbox 698 2020 813 2093; x_wconf 91' lang='lat' dir='ltr'><strong>tertiis</strong></span> <span class='ocrx_word' id='word_1_89' title='bbox 829 2022 951 2092; x_wconf 85' lang='lat' dir='ltr'><strong>castris</strong></span> <span class='ocrx_word' id='word_1_90' title='bbox 963 2028 1159 2121; x_wconf 86' lang='lat' dir='ltr'><strong>Ancyram,</strong></span> <span class='ocrx_word' id='word_1_91' title='bbox 1180 2055 1244 2100; x_wconf 92' lang='lat' dir='ltr'><strong>no·</strong></span> 
     </span>
     <span class='ocr_line' id='line_1_14' title="bbox 178 2128 1244 2229; baseline 0.007 -24"><span class='ocrx_word' id='word_1_92' title='bbox 178 2133 290 2206; x_wconf 90' lang='lat' dir='ltr'><strong>bilem</strong></span> <span class='ocrx_word' id='word_1_93' title='bbox 319 2134 358 2203; x_wconf 91' lang='lat' dir='ltr'><strong>in</strong></span> <span class='ocrx_word' id='word_1_94' title='bbox 390 2131 458 2202; x_wconf 91' lang='lat' dir='ltr'><strong>illis</strong></span> <span class='ocrx_word' id='word_1_95' title='bbox 488 2131 576 2201; x_wconf 86' lang='lat' dir='ltr'><strong>locis</strong></span> <span class='ocrx_word' id='word_1_96' title='bbox 605 2128 755 2219; x_wconf 87' lang='lat' dir='ltr'><strong>urbem,</strong></span> <span class='ocrx_word' id='word_1_97' title='bbox 786 2132 972 2229; x_wconf 89' lang='lat' dir='ltr'><strong>pervenit,</strong></span> <span class='ocrx_word' id='word_1_98' title='bbox 997 2134 1095 2206; x_wconf 90' lang='lat' dir='ltr'><strong>unde</strong></span> <span class='ocrx_word' id='word_1_99' title='bbox 1123 2137 1244 2212; x_wconf 89' lang='lat' dir='ltr'><strong>hostes</strong></span> 
     </span>
     <span class='ocr_line' id='line_1_15' title="bbox 178 2237 1244 2344; baseline 0.005 -29"><span class='ocrx_word' id='word_1_100' title='bbox 178 2244 287 2344; x_wconf 89' lang='lat' dir='ltr'><strong>paulo</strong></span> <span class='ocrx_word' id='word_1_101' title='bbox 316 2243 397 2341; x_wconf 83' lang='lat' dir='ltr'><strong>plus</strong></span> <span class='ocrx_word' id='word_1_102' title='bbox 419 2240 545 2312; x_wconf 90' lang='lat' dir='ltr'><strong>decem</strong></span> <span class='ocrx_word' id='word_1_103' title='bbox 570 2237 680 2309; x_wconf 88' lang='lat' dir='ltr'><strong>millia</strong></span> <span class='ocrx_word' id='word_1_104' title='bbox 704 2238 864 2311; x_wconf 88' lang='lat' dir='ltr'><strong>aberant.</strong></span> <span class='ocrx_word' id='word_1_105' title='bbox 889 2239 959 2311; x_wconf 92' lang='lat' dir='ltr'><strong>Ubi</strong></span> <span class='ocrx_word' id='word_1_106' title='bbox 985 2267 1098 2340; x_wconf 92' lang='lat' dir='ltr'><strong>quum</strong></span> <span class='ocrx_word' id='word_1_107' title='bbox 1118 2250 1244 2319; x_wconf 89' lang='lat' dir='ltr'><strong>stativa</strong></span> 
     </span>
     <span class='ocr_line' id='line_1_16' title="bbox 177 2346 1244 2446; baseline 0.001 -20"><span class='ocrx_word' id='word_1_108' title='bbox 177 2368 316 2436; x_wconf 82' lang='lat' dir='ltr'><strong>essent,</strong></span> <span class='ocrx_word' id='word_1_109' title='bbox 338 2350 478 2422; x_wconf 84' lang='lat' dir='ltr'><strong>facinus</strong></span> <span class='ocrx_word' id='word_1_110' title='bbox 496 2346 729 2420; x_wconf 82' lang='lat' dir='ltr'><strong>memorabile</strong></span> <span class='ocrx_word' id='word_1_111' title='bbox 747 2375 768 2419; x_wconf 84' lang='lat' dir='ltr'><strong>a</strong></span> <span class='ocrx_word' id='word_1_112' title='bbox 785 2350 925 2446; x_wconf 88' lang='lat' dir='ltr'><strong>captiva</strong></span> <span class='ocrx_word' id='word_1_113' title='bbox 941 2347 1075 2423; x_wconf 87' lang='lat' dir='ltr'><strong>sactum</strong></span> <span class='ocrx_word' id='word_1_114' title='bbox 1095 2369 1159 2425; x_wconf 89' lang='lat' dir='ltr'><strong>est.</strong></span> <span class='ocrx_word' id='word_1_115' title='bbox 1181 2361 1244 2427; x_wconf 92' lang='lat' dir='ltr'><strong>Or-</strong></span> 
     </span>
     <span class='ocr_line' id='line_1_17' title="bbox 177 2457 1244 2562; baseline 0 -27"><span class='ocrx_word' id='word_1_116' title='bbox 177 2463 347 2562; x_wconf 89' lang='lat' dir='ltr'><strong>tiagontis</strong></span> <span class='ocrx_word' id='word_1_117' title='bbox 365 2457 504 2558; x_wconf 80' lang='lat' dir='ltr'><strong>reguli²</strong></span> <span class='ocrx_word' id='word_1_118' title='bbox 526 2483 618 2529; x_wconf 81' lang='lat' dir='ltr'><strong>uror</strong></span> <span class='ocrx_word' id='word_1_119' title='bbox 632 2457 749 2530; x_wconf 86' lang='lat' dir='ltr'><strong>forma</strong></span> <span class='ocrx_word' id='word_1_120' title='bbox 762 2459 893 2530; x_wconf 86' lang='lat' dir='ltr'><strong>eximia</strong></span> <span class='ocrx_word' id='word_1_121' title='bbox 909 2461 1179 2534; x_wconf 85' lang='lat' dir='ltr'><strong>custodiebatur</strong></span> <span class='ocrx_word' id='word_1_122' title='bbox 1193 2466 1244 2536; x_wconf 92' lang='lat' dir='ltr'><strong>in·</strong></span> 
     </span>
     <span class='ocr_line' id='line_1_18' title="bbox 178 2566 1243 2670; baseline 0.002 -25"><span class='ocrx_word' id='word_1_123' title='bbox 178 2589 232 2645; x_wconf 87' lang='lat' dir='ltr'><strong>ter</strong></span> <span class='ocrx_word' id='word_1_124' title='bbox 249 2572 370 2670; x_wconf 88' lang='lat' dir='ltr'><strong>plnres</strong></span> <span class='ocrx_word' id='word_1_125' title='bbox 389 2569 568 2666; x_wconf 88' lang='lat' dir='ltr'><strong>captivos,</strong></span> <span class='ocrx_word' id='word_1_126' title='bbox 586 2570 644 2640; x_wconf 92' lang='lat' dir='ltr'><strong>cui</strong></span> <span class='ocrx_word' id='word_1_127' title='bbox 659 2566 830 2639; x_wconf 76' lang='lat' dir='ltr'><strong>custodire</strong></span> <span class='ocrx_word' id='word_1_128' title='bbox 843 2571 1007 2641; x_wconf 87' lang='lat' dir='ltr'><strong>centurio</strong></span> <span class='ocrx_word' id='word_1_129' title='bbox 1021 2589 1189 2670; x_wconf 85' lang='lat' dir='ltr'><strong>praeerat,</strong></span> <span class='ocrx_word' id='word_1_130' title='bbox 1206 2592 1243 2647; x_wconf 92' lang='lat' dir='ltr'><strong>et</strong></span> 
     </span>
     <span class='ocr_line' id='line_1_19' title="bbox 176 2678 1241 2776; baseline 0.002 -22"><span class='ocrx_word' id='word_1_131' title='bbox 176 2681 335 2754; x_wconf 77' lang='lat' dir='ltr'><strong>libidinis</strong></span> <span class='ocrx_word' id='word_1_132' title='bbox 356 2695 392 2750; x_wconf 90' lang='lat' dir='ltr'><strong>et</strong></span> <span class='ocrx_word' id='word_1_133' title='bbox 417 2680 572 2749; x_wconf 89' lang='lat' dir='ltr'><strong>avaritiae</strong></span> <span class='ocrx_word' id='word_1_134' title='bbox 596 2678 767 2749; x_wconf 89' lang='lat' dir='ltr'><strong>militaris.</strong></span> <span class='ocrx_word' id='word_1_135' title='bbox 790 2682 825 2748; x_wconf 89' lang='lat' dir='ltr'><strong>Is</strong></span> <span class='ocrx_word' id='word_1_136' title='bbox 846 2681 964 2776; x_wconf 91' lang='lat' dir='ltr'><strong>primo</strong></span> <span class='ocrx_word' id='word_1_137' title='bbox 985 2682 1059 2775; x_wconf 88' lang='lat' dir='ltr'><strong>ejus</strong></span> <span class='ocrx_word' id='word_1_138' title='bbox 1079 2685 1241 2756; x_wconf 89' lang='lat' dir='ltr'><strong>animum</strong></span> 
     </span>
     <span class='ocr_line' id='line_1_20' title="bbox 176 2788 1242 2888; baseline 0.001 -23"><span class='ocrx_word' id='word_1_139' title='bbox 176 2794 336 2871; x_wconf 84' lang='lat' dir='ltr'><strong>tentavit.</strong></span> <span class='ocrx_word' id='word_1_140' title='bbox 357 2793 476 2880; x_wconf 86' lang='lat' dir='ltr'><strong>Quem</strong></span> <span class='ocrx_word' id='word_1_141' title='bbox 489 2815 606 2888; x_wconf 89' lang='lat' dir='ltr'><strong>quum</strong></span> <span class='ocrx_word' id='word_1_142' title='bbox 620 2788 877 2861; x_wconf 86' lang='lat' dir='ltr'><strong>abhorrentem</strong></span> <span class='ocrx_word' id='word_1_143' title='bbox 891 2814 911 2859; x_wconf 90' lang='lat' dir='ltr'><strong>a</strong></span> <span class='ocrx_word' id='word_1_144' title='bbox 925 2791 1129 2865; x_wconf 88' lang='lat' dir='ltr'><strong>voluntario</strong></span> <span class='ocrx_word' id='word_1_145' title='bbox 1143 2795 1242 2866; x_wconf 89' lang='lat' dir='ltr'><strong>vide-</strong></span> 
     </span>
     <span class='ocr_line' id='line_1_21' title="bbox 174 2897 1239 3000; baseline 0.004 -27"><span class='ocrx_word' id='word_1_146' title='bbox 174 2917 231 2974; x_wconf 89' lang='lat' dir='ltr'><strong>ret</strong></span> <span class='ocrx_word' id='word_1_147' title='bbox 250 2916 397 3000; x_wconf 88' lang='lat' dir='ltr'><strong>stupro,</strong></span> <span class='ocrx_word' id='word_1_148' title='bbox 418 2900 581 2998; x_wconf 88' lang='lat' dir='ltr'><strong>corpori,</strong></span> <span class='ocrx_word' id='word_1_149' title='bbox 607 2899 707 2996; x_wconf 92' lang='lat' dir='ltr'><strong>quod</strong></span> <span class='ocrx_word' id='word_1_150' title='bbox 726 2923 869 2970; x_wconf 85' lang='lat' dir='ltr'><strong>servum</strong></span> <span class='ocrx_word' id='word_1_151' title='bbox 891 2897 1037 2974; x_wconf 84' lang='lat' dir='ltr'><strong>fortuna</strong></span> <span class='ocrx_word' id='word_1_152' title='bbox 1056 2919 1150 2988; x_wconf 89' lang='lat' dir='ltr'><strong>erat,</strong></span> <span class='ocrx_word' id='word_1_153' title='bbox 1167 2906 1239 2976; x_wconf 84' lang='lat' dir='ltr'><strong>vim</strong></span> 
     </span>
     <span class='ocr_line' id='line_1_22' title="bbox 176 3008 1237 3108; baseline 0.001 -23"><span class='ocrx_word' id='word_1_154' title='bbox 176 3008 295 3086; x_wconf 49' lang='lat' dir='ltr'><strong>seen?</strong></span> <span class='ocrx_word' id='word_1_155' title='bbox 319 3009 480 3096; x_wconf 88' lang='lat' dir='ltr'><strong>Deinde,</strong></span> <span class='ocrx_word' id='word_1_156' title='bbox 506 3008 551 3080; x_wconf 90' lang='lat' dir='ltr'><strong>ad</strong></span> <span class='ocrx_word' id='word_1_157' title='bbox 575 3008 779 3081; x_wconf 85' lang='lat' dir='ltr'><strong>leniendam</strong></span> <span class='ocrx_word' id='word_1_158' title='bbox 805 3009 1052 3108; x_wconf 81' lang='lat' dir='ltr'><strong>indignitatem</strong></span> <span class='ocrx_word' id='word_1_159' title='bbox 1079 3015 1237 3108; x_wconf 79' lang='lat' dir='ltr'><strong>injurie,</strong></span> 
     </span>
    </p>
   </div>
   <div class='ocr_carea' id='block_1_2' title="bbox 168 3187 1241 4525">
    <p class='ocr_par' dir='ltr' id='par_1_3' title="bbox 172 3187 1241 3653">
     <span class='ocr_line' id='line_1_23' title="bbox 209 3187 1241 3258; baseline 0.005 -16"><span class='ocrx_word' id='word_1_160' title='bbox 209 3206 234 3254; x_wconf 71' lang='grc'><strong>4.</strong></span> <span class='ocrx_word' id='word_1_161' title='bbox 250 3199 302 3242; x_wconf 80' lang='lat' dir='ltr'><strong>Aret</strong></span> <span class='ocrx_word' id='word_1_162' title='bbox 311 3191 437 3249; x_wconf 78' lang='lat' dir='ltr'><strong>vendidit,</strong></span> <span class='ocrx_word' id='word_1_163' title='bbox 450 3193 519 3258; x_wconf 84' lang='lat' dir='ltr'><strong>quod</strong></span> <span class='ocrx_word' id='word_1_164' title='bbox 531 3193 582 3258; x_wconf 78' lang='lat' dir='ltr'><strong>ejus</strong></span> <span class='ocrx_word' id='word_1_165' title='bbox 595 3191 683 3257; x_wconf 75' lang='lat' dir='ltr'><strong>praedae</strong></span> <span class='ocrx_word' id='word_1_166' title='bbox 727 3187 880 3253; x_wconf 68' lang='lat' dir='ltr'><strong>bilefact&#39;nm</strong></span> <span class='ocrx_word' id='word_1_167' title='bbox 893 3192 975 3245; x_wconf 79' lang='lat' dir='ltr'><strong>retulit</strong></span> <span class='ocrx_word' id='word_1_168' title='bbox 992 3194 1066 3242; x_wconf 78' lang='lat' dir='ltr'><strong>etiam</strong></span> <span class='ocrx_word' id='word_1_169' title='bbox 1079 3196 1144 3244; x_wconf 79' lang='lat' dir='ltr'><strong>Ptm.</strong></span> <span class='ocrx_word' id='word_1_170' title='bbox 1157 3195 1183 3243; x_wconf 86' lang='lat' dir='ltr'><strong>iu</strong></span> <span class='ocrx_word' id='word_1_171' title='bbox 1196 3200 1241 3248; x_wconf 79' lang='grc' dir='ltr'><strong>Γυ-</strong></span> 
     </span>
     <span class='ocr_line' id='line_1_24' title="bbox 172 3267 1239 3340; baseline 0 -16"><span class='ocrx_word' id='word_1_172' title='bbox 172 3277 197 3325; x_wconf 73' lang='lat' dir='ltr'><strong>ia</strong></span> <span class='ocrx_word' id='word_1_173' title='bbox 221 3273 346 3340; x_wconf 78' lang='lat' dir='ltr'><strong>pubiicum</strong></span> <span class='ocrx_word' id='word_1_174' title='bbox 364 3271 522 3337; x_wconf 74' lang='lat' dir='ltr'><strong>redigendum</strong></span> <span class='ocrx_word' id='word_1_175' title='bbox 546 3283 616 3327; x_wconf 83' lang='lat' dir='ltr'><strong>erat,</strong></span> <span class='ocrx_word' id='word_1_176' title='bbox 640 3282 684 3318; x_wconf 81' lang='lat' dir='ltr'><strong>aut</strong></span> <span class='ocrx_word' id='word_1_177' title='bbox 727 3272 814 3319; x_wconf 75' lang='grc' dir='ltr'><strong>ιαιιιῶν</strong></span> <span class='ocrx_word' id='word_1_178' title='bbox 833 3267 943 3337; x_wconf 78' lang='grc' dir='ltr'><strong>ἀριταῑς,</strong></span> <span class='ocrx_word' id='word_1_179' title='bbox 958 3288 1010 3338; x_wconf 77' lang='lat' dir='ltr'><strong>cap.</strong></span> <span class='ocrx_word' id='word_1_180' title='bbox 1028 3275 1151 3340; x_wconf 70' lang='lat' dir='ltr'><strong>43,0pp.</strong></span> <span class='ocrx_word' id='word_1_181' title='bbox 1164 3286 1183 3324; x_wconf 89' lang='lat' dir='ltr'><strong>t.</strong></span> <span class='ocrx_word' id='word_1_182' title='bbox 1199 3278 1239 3335; x_wconf 86' lang='lat'><strong>11,</strong></span> 
     </span>
     <span class='ocr_line' id='line_1_25' title="bbox 172 3347 1237 3419; baseline 0 -16"><span class='ocrx_word' id='word_1_183' title='bbox 172 3373 226 3403; x_wconf 77' lang='lat' dir='ltr'><strong>cnm</strong></span> <span class='ocrx_word' id='word_1_184' title='bbox 246 3369 344 3400; x_wconf 84' lang='lat' dir='ltr'><strong>rura...</strong></span> <span class='ocrx_word' id='word_1_185' title='bbox 365 3366 410 3413; x_wconf 84' lang='lat' dir='ltr'><strong>per</strong></span> <span class='ocrx_word' id='word_1_186' title='bbox 422 3348 614 3406; x_wconf 62' lang='lat' dir='ltr'><strong>&#39;nutresdivistn</strong></span> <span class='ocrx_word' id='word_1_187' title='bbox 626 3349 683 3396; x_wconf 77' lang='lat' dir='ltr'><strong>vide</strong></span> <span class='ocrx_word' id='word_1_188' title='bbox 727 3362 782 3411; x_wconf 84' lang='lat' dir='ltr'><strong>pag.</strong></span> <span class='ocrx_word' id='word_1_189' title='bbox 802 3347 869 3405; x_wconf 78' lang='lat'><strong>258,</strong></span> <span class='ocrx_word' id='word_1_190' title='bbox 889 3363 1013 3413; x_wconf 71' lang='lat' dir='ltr'><strong>praeeunte</strong></span> <span class='ocrx_word' id='word_1_191' title='bbox 1028 3353 1149 3419; x_wconf 69' lang='lat' dir='ltr'><strong>Polybio,</strong></span> <span class='ocrx_word' id='word_1_192' title='bbox 1167 3370 1237 3419; x_wconf 82' lang='lat' dir='ltr'><strong>quem</strong></span> 
     </span>
     <span class='ocr_line' id='line_1_26' title="bbox 172 3425 1239 3497; baseline 0 -18"><span class='ocrx_word' id='word_1_193' title='bbox 172 3434 303 3493; x_wconf 76' lang='lat' dir='ltr'><strong>ad11,9‚</strong></span> <span class='ocrx_word' id='word_1_194' title='bbox 322 3446 347 3477; x_wconf 91' lang='lat' dir='ltr'><strong>n.</strong></span> <span class='ocrx_word' id='word_1_195' title='bbox 366 3430 443 3487; x_wconf 56' lang='lat' dir='ltr'><strong>mv,</strong></span> <span class='ocrx_word' id='word_1_196' title='bbox 460 3430 543 3486; x_wconf 77' lang='lat' dir='ltr'><strong>25,n.</strong></span> <span class='ocrx_word' id='word_1_197' title='bbox 560 3429 679 3486; x_wconf 79' lang='lat' dir='ltr'><strong>5,etx,</strong></span> <span class='ocrx_word' id='word_1_198' title='bbox 726 3441 783 3472; x_wconf 86' lang='lat' dir='ltr'><strong>eum</strong></span> <span class='ocrx_word' id='word_1_199' title='bbox 802 3425 848 3472; x_wconf 88' lang='lat' dir='ltr'><strong>bae</strong></span> <span class='ocrx_word' id='word_1_200' title='bbox 872 3429 973 3478; x_wconf 81' lang='lat' dir='ltr'><strong>muliere</strong></span> <span class='ocrx_word' id='word_1_201' title='bbox 995 3432 1166 3497; x_wconf 79' lang='lat' dir='ltr'><strong>colloquamur</strong></span> <span class='ocrx_word' id='word_1_202' title='bbox 1187 3450 1239 3482; x_wconf 76' lang='lat' dir='ltr'><strong>ease</strong></span> 
     </span>
     <span class='ocr_line' id='line_1_27' title="bbox 176 3502 1238 3576; baseline 0.005 -20"><span class='ocrx_word' id='word_1_203' title='bbox 176 3529 220 3574; x_wconf 81' lang='lat'><strong>17,</strong></span> <span class='ocrx_word' id='word_1_204' title='bbox 235 3528 258 3559; x_wconf 87' lang='lat' dir='ltr'><strong>n.</strong></span> <span class='ocrx_word' id='word_1_205' title='bbox 279 3510 303 3558; x_wconf 78' lang='lat'><strong>5.</strong></span> <span class='ocrx_word' id='word_1_206' title='bbox 319 3509 436 3573; x_wconf 74' lang='lat' dir='ltr'><strong>Captivos</strong></span> <span class='ocrx_word' id='word_1_207' title='bbox 446 3505 557 3554; x_wconf 77' lang='lat' dir='ltr'><strong>finitimis</strong></span> <span class='ocrx_word' id='word_1_208' title='bbox 570 3507 680 3555; x_wconf 76' lang='lat' dir='ltr'><strong>barbaria</strong></span> <span class='ocrx_word' id='word_1_209' title='bbox 726 3502 843 3550; x_wconf 74' lang='lat' dir='ltr'><strong>Sardibus</strong></span> <span class='ocrx_word' id='word_1_210' title='bbox 860 3503 934 3565; x_wconf 87' lang='lat' dir='ltr'><strong>dicit,</strong></span> <span class='ocrx_word' id='word_1_211' title='bbox 951 3510 1115 3574; x_wconf 80' lang='lat' dir='ltr'><strong>miratumque</strong></span> <span class='ocrx_word' id='word_1_212' title='bbox 1133 3512 1238 3576; x_wconf 81' lang='lat' dir='ltr'><strong>prudeu-</strong></span> 
     </span>
     <span class='ocr_line' id='line_1_28' title="bbox 173 3581 1238 3653; baseline -0.003 -12"><span class='ocrx_word' id='word_1_213' title='bbox 173 3590 312 3641; x_wconf 81' lang='lat' dir='ltr'><strong>diveuditoa</strong></span> <span class='ocrx_word' id='word_1_214' title='bbox 323 3587 398 3637; x_wconf 81' lang='lat' dir='ltr'><strong>tradit</strong></span> <span class='ocrx_word' id='word_1_215' title='bbox 410 3587 538 3651; x_wconf 68' lang='lat' dir='ltr'><strong>Appianas</strong></span> <span class='ocrx_word' id='word_1_216' title='bbox 555 3587 572 3634; x_wconf 85' lang='lat' dir='ltr'><strong>l.</strong></span> <span class='ocrx_word' id='word_1_217' title='bbox 584 3584 600 3632; x_wconf 91' lang='grc' dir='ltr'><strong>Ι.</strong></span> <span class='ocrx_word' id='word_1_218' title='bbox 726 3581 783 3627; x_wconf 69' lang='lat' dir='ltr'><strong>titur</strong></span> <span class='ocrx_word' id='word_1_219' title='bbox 792 3582 844 3641; x_wconf 77' lang='lat' dir='ltr'><strong>ejus</strong></span> <span class='ocrx_word' id='word_1_220' title='bbox 855 3595 878 3631; x_wconf 83' lang='lat' dir='ltr'><strong>et</strong></span> <span class='ocrx_word' id='word_1_221' title='bbox 888 3589 961 3635; x_wconf 80' lang='lat' dir='ltr'><strong>animi</strong></span> <span class='ocrx_word' id='word_1_222' title='bbox 971 3591 1170 3653; x_wconf 83' lang='lat' dir='ltr'><strong>magnitudinem.</strong></span> <span class='ocrx_word' id='word_1_223' title='bbox 1177 3593 1238 3639; x_wconf 82' lang='lat' dir='ltr'><strong>Ver-</strong></span> 
     </span>
    </p>

    <p class='ocr_par' dir='ltr' id='par_1_4' title="bbox 168 3659 1236 4369">
     <span class='ocr_line' id='line_1_29' title="bbox 205 3659 1235 3730; baseline -0.001 -12"><span class='ocrx_word' id='word_1_224' title='bbox 205 3673 267 3721; x_wconf 79' lang='lat' dir='ltr'><strong>Car.</strong></span> <span class='ocrx_word' id='word_1_225' title='bbox 285 3668 382 3716; x_wconf 74' lang='lat' dir='ltr'><strong>xm.</strong></span> <span class='ocrx_word' id='word_1_226' title='bbox 408 3682 430 3712; x_wconf 93' lang='grc' dir='ltr'><strong>ι.</strong></span> <span class='ocrx_word' id='word_1_227' title='bbox 451 3667 543 3713; x_wconf 76' lang='lat' dir='ltr'><strong>Bellum</strong></span> <span class='ocrx_word' id='word_1_228' title='bbox 563 3664 680 3730; x_wconf 81' lang='lat' dir='ltr'><strong>integrum</strong></span> <span class='ocrx_word' id='word_1_229' title='bbox 724 3659 837 3707; x_wconf 68' lang='lat' dir='ltr'><strong>mulum</strong></span> <span class='ocrx_word' id='word_1_230' title='bbox 851 3665 927 3728; x_wconf 58' lang='lat' dir='ltr'><strong>regati</strong></span> <span class='ocrx_word' id='word_1_231' title='bbox 939 3684 1029 3716; x_wconf 83' lang='lat' dir='ltr'><strong>nomen</strong></span> <span class='ocrx_word' id='word_1_232' title='bbox 1044 3669 1117 3716; x_wconf 69' lang='lat' dir='ltr'><strong>fuine</strong></span> <span class='ocrx_word' id='word_1_233' title='bbox 1130 3671 1235 3726; x_wconf 81' lang='lat' dir='ltr'><strong>Ortwin,</strong></span> 
     </span>
     <span class='ocr_line' id='line_1_30' title="bbox 170 3738 1235 3811; baseline -0.002 -13"><span class='ocrx_word' id='word_1_234' title='bbox 170 3768 225 3798; x_wconf 76' lang='lat' dir='ltr'><strong>cam</strong></span> <span class='ocrx_word' id='word_1_235' title='bbox 238 3744 389 3811; x_wconf 78' lang='lat' dir='ltr'><strong>Tectosagis,</strong></span> <span class='ocrx_word' id='word_1_236' title='bbox 398 3761 503 3809; x_wconf 83' lang='lat' dir='ltr'><strong>quorum</strong></span> <span class='ocrx_word' id='word_1_237' title='bbox 512 3744 616 3792; x_wconf 81' lang='lat' dir='ltr'><strong>maxima</strong></span> <span class='ocrx_word' id='word_1_238' title='bbox 625 3761 680 3809; x_wconf 76' lang='lat' dir='ltr'><strong>pare</strong></span> <span class='ocrx_word' id='word_1_239' title='bbox 725 3738 809 3787; x_wconf 78' lang='lat' dir='ltr'><strong>uxoria</strong></span> <span class='ocrx_word' id='word_1_240' title='bbox 824 3740 967 3800; x_wconf 81' lang='lat' dir='ltr'><strong>Widmara.</strong></span> <span class='ocrx_word' id='word_1_241' title='bbox 979 3759 1064 3796; x_wconf 82' lang='lat' dir='ltr'><strong>monet</strong></span> <span class='ocrx_word' id='word_1_242' title='bbox 1077 3748 1235 3797; x_wconf 64' lang='lat' dir='ltr'><strong>Parin-In·</strong></span> 
     </span>
     <span class='ocr_line' id='line_1_31' title="bbox 171 3819 1236 3893; baseline 0.002 -18"><span class='ocrx_word' id='word_1_243' title='bbox 171 3846 221 3878; x_wconf 81' lang='lat' dir='ltr'><strong>nou</strong></span> <span class='ocrx_word' id='word_1_244' title='bbox 235 3828 383 3891; x_wconf 80' lang='lat' dir='ltr'><strong>Oiympnm,</strong></span> <span class='ocrx_word' id='word_1_245' title='bbox 397 3825 440 3872; x_wconf 71' lang='lat' dir='ltr'><strong>sed</strong></span> <span class='ocrx_word' id='word_1_246' title='bbox 457 3823 560 3889; x_wconf 77' lang='lat' dir='ltr'><strong>Magaba</strong></span> <span class='ocrx_word' id='word_1_247' title='bbox 571 3835 680 3873; x_wconf 86' lang='lat' dir='ltr'><strong>montem</strong></span> <span class='ocrx_word' id='word_1_248' title='bbox 725 3829 762 3865; x_wconf 88' lang='lat' dir='ltr'><strong>ter</strong></span> <span class='ocrx_word' id='word_1_249' title='bbox 778 3819 860 3882; x_wconf 83' lang='lat' dir='ltr'><strong>plures</strong></span> <span class='ocrx_word' id='word_1_250' title='bbox 877 3826 1000 3890; x_wconf 74' lang='lat' dir='ltr'><strong>captivos,</strong></span> <span class='ocrx_word' id='word_1_251' title='bbox 1017 3830 1079 3876; x_wconf 82' lang='lat' dir='ltr'><strong>forte</strong></span> <span class='ocrx_word' id='word_1_252' title='bbox 1096 3829 1203 3893; x_wconf 77' lang='lat' dir='ltr'><strong>captivas</strong></span> <span class='ocrx_word' id='word_1_253' title='bbox 1221 3846 1236 3875; x_wconf 82' lang='lat' dir='ltr'><strong>e</strong></span> 
     </span>
     <span class='ocr_line' id='line_1_32' title="bbox 170 3896 1235 3977; baseline 0.003 -23"><span class='ocrx_word' id='word_1_254' title='bbox 170 3905 300 3955; x_wconf 83' lang='lat' dir='ltr'><strong>imederat.</strong></span> <span class='ocrx_word' id='word_1_255' title='bbox 311 3905 383 3954; x_wconf 78' lang='lat' dir='ltr'><strong>conf,</strong></span> <span class='ocrx_word' id='word_1_256' title='bbox 393 3920 447 3968; x_wconf 85' lang='lat' dir='ltr'><strong>cap.</strong></span> <span class='ocrx_word' id='word_1_257' title='bbox 460 3920 491 3967; x_wconf 80' lang='lat'><strong>¹9</strong></span> <span class='ocrx_word' id='word_1_258' title='bbox 501 3921 539 3969; x_wconf 86' lang='lat' dir='ltr'><strong>pr.</strong></span> <span class='ocrx_word' id='word_1_259' title='bbox 554 3931 589 3939; x_wconf 92' lang='lat'><em>-</em></span> <span class='ocrx_word' id='word_1_260' title='bbox 600 3907 681 3966; x_wconf 75' lang='lat' dir='ltr'><em>Ancy-</em></span> <span class='ocrx_word' id='word_1_261' title='bbox 724 3896 879 3949; x_wconf 80' lang='lat' dir='ltr'><strong>cod.Viotor.</strong></span> <span class='ocrx_word' id='word_1_262' title='bbox 890 3909 950 3953; x_wconf 86' lang='lat' dir='ltr'><strong>Lov.</strong></span> <span class='ocrx_word' id='word_1_263' title='bbox 959 3908 984 3967; x_wconf 76' lang='lat'><strong>6,</strong></span> <span class='ocrx_word' id='word_1_264' title='bbox 995 3919 1020 3955; x_wconf 81' lang='lat' dir='ltr'><strong>et</strong></span> <span class='ocrx_word' id='word_1_265' title='bbox 1032 3907 1157 3956; x_wconf 80' lang='lat' dir='ltr'><strong>Plutarch·</strong></span> <span class='ocrx_word' id='word_1_266' title='bbox 1170 3907 1235 3977; x_wconf 75' lang='grc' dir='ltr'><strong>μετὰ</strong></span> 
     </span>
     <span class='ocr_line' id='line_1_33' title="bbox 170 3974 1235 4055; baseline 0.007 -24"><span class='ocrx_word' id='word_1_267' title='bbox 170 4000 224 4031; x_wconf 80' lang='lat' dir='ltr'><strong>ram</strong></span> <span class='ocrx_word' id='word_1_268' title='bbox 239 3981 361 4046; x_wconf 81' lang='lat' dir='ltr'><strong>pervenit,</strong></span> <span class='ocrx_word' id='word_1_269' title='bbox 379 3982 484 4030; x_wconf 83' lang='lat' dir='ltr'><strong>nobilem</strong></span> <span class='ocrx_word' id='word_1_270' title='bbox 497 3983 579 4030; x_wconf 82' lang='lat' dir='ltr'><strong>urbem</strong></span> <span class='ocrx_word' id='word_1_271' title='bbox 591 3984 680 4031; x_wconf 82' lang='lat' dir='ltr'><strong>Tecto·</strong></span> <span class='ocrx_word' id='word_1_272' title='bbox 723 3981 772 4026; x_wconf 80' lang='grc' dir='ltr'><strong>τῶν</strong></span> <span class='ocrx_word' id='word_1_273' title='bbox 785 3974 863 4031; x_wconf 69' lang='grc' dir='ltr'><strong>ἄλλων</strong></span> <span class='ocrx_word' id='word_1_274' title='bbox 875 3986 1173 4055; x_wconf 58' lang='lat' dir='ltr'><strong>gotmarum-Centurio,</strong></span> <span class='ocrx_word' id='word_1_275' title='bbox 1189 4007 1235 4038; x_wconf 79' lang='grc' dir='ltr'><strong>τα·</strong></span> 
     </span>
     <span class='ocr_line' id='line_1_34' title="bbox 170 4055 1105 4133; baseline 0.004 -23"><span class='ocrx_word' id='word_1_276' title='bbox 170 4076 282 4127; x_wconf 71' lang='lat' dir='ltr'><strong>sagorum</strong></span> <span class='ocrx_word' id='word_1_277' title='bbox 302 4061 328 4106; x_wconf 90' lang='lat' dir='ltr'><strong>in</strong></span> <span class='ocrx_word' id='word_1_278' title='bbox 348 4055 459 4119; x_wconf 84' lang='lat' dir='ltr'><strong>Galatia(</strong></span> <span class='ocrx_word' id='word_1_279' title='bbox 470 4061 530 4109; x_wconf 80' lang='lat' dir='ltr'><strong>hod,</strong></span> <span class='ocrx_word' id='word_1_280' title='bbox 542 4063 644 4126; x_wconf 81' lang='lat' dir='ltr'><strong>Angora</strong></span> <span class='ocrx_word' id='word_1_281' title='bbox 653 4062 679 4125; x_wconf 91' lang='lat'><strong>),</strong></span> <span class='ocrx_word' id='word_1_282' title='bbox 722 4062 818 4133; x_wconf 71' lang='grc' dir='ltr'><strong>ξίιρχος</strong></span> <span class='ocrx_word' id='word_1_283' title='bbox 830 4064 895 4113; x_wconf 86' lang='lat' dir='ltr'><strong>Plut.</strong></span> <span class='ocrx_word' id='word_1_284' title='bbox 907 4064 974 4127; x_wconf 86' lang='lat' dir='ltr'><strong>quod</strong></span> <span class='ocrx_word' id='word_1_285' title='bbox 984 4065 1049 4112; x_wconf 86' lang='lat' dir='ltr'><strong>idem</strong></span> <span class='ocrx_word' id='word_1_286' title='bbox 1060 4077 1105 4114; x_wconf 80' lang='lat' dir='ltr'><strong>eat.</strong></span> 
     </span>
     <span class='ocr_line' id='line_1_35' title="bbox 169 4137 1234 4209; baseline 0.004 -20"><span class='ocrx_word' id='word_1_287' title='bbox 169 4140 212 4190; x_wconf 86' lang='lat' dir='ltr'><strong>ubi</strong></span> <span class='ocrx_word' id='word_1_288' title='bbox 232 4146 353 4202; x_wconf 81' lang='lat' dir='ltr'><strong>repertum</strong></span> <span class='ocrx_word' id='word_1_289' title='bbox 372 4137 548 4186; x_wconf 87' lang='lat' dir='ltr'><strong>monimentum</strong></span> <span class='ocrx_word' id='word_1_290' title='bbox 567 4143 677 4206; x_wconf 71' lang='lat' dir='ltr'><strong>Ancyra·</strong></span> <span class='ocrx_word' id='word_1_291' title='bbox 759 4145 783 4191; x_wconf 78' lang='lat'><strong>3.</strong></span> <span class='ocrx_word' id='word_1_292' title='bbox 797 4143 909 4207; x_wconf 80' lang='lat' dir='ltr'><strong>Corpori,</strong></span> <span class='ocrx_word' id='word_1_293' title='bbox 920 4145 1086 4209; x_wconf 80' lang='lat' dir='ltr'><strong>qnodservnm</strong></span> <span class='ocrx_word' id='word_1_294' title='bbox 1096 4146 1234 4194; x_wconf 73' lang='lat' dir='ltr'><strong>oenoerviie</strong></span> 
     </span>
     <span class='ocr_line' id='line_1_36' title="bbox 168 4217 1233 4289; baseline 0.006 -23"><span class='ocrx_word' id='word_1_295' title='bbox 168 4235 235 4267; x_wconf 83' lang='lat' dir='ltr'><strong>num.</strong></span> <span class='ocrx_word' id='word_1_296' title='bbox 245 4218 317 4266; x_wconf 83' lang='lat' dir='ltr'><strong>Conf.</strong></span> <span class='ocrx_word' id='word_1_297' title='bbox 332 4217 410 4265; x_wconf 82' lang='lat' dir='ltr'><strong>Strab.</strong></span> <span class='ocrx_word' id='word_1_298' title='bbox 429 4218 492 4274; x_wconf 75' lang='lat' dir='ltr'><strong>nt,</strong></span> <span class='ocrx_word' id='word_1_299' title='bbox 505 4233 560 4281; x_wconf 88' lang='lat' dir='ltr'><strong>pag.</strong></span> <span class='ocrx_word' id='word_1_300' title='bbox 577 4220 641 4279; x_wconf 80' lang='lat'><strong>567,</strong></span> <span class='ocrx_word' id='word_1_301' title='bbox 654 4231 678 4268; x_wconf 87' lang='lat' dir='ltr'><strong>et</strong></span> <span class='ocrx_word' id='word_1_302' title='bbox 714 4221 822 4286; x_wconf 72' lang='lat' dir='ltr'><strong>fortium</strong></span> <span class='ocrx_word' id='word_1_303' title='bbox 838 4234 903 4277; x_wconf 83' lang='lat' dir='ltr'><strong>erat,</strong></span> <span class='ocrx_word' id='word_1_304' title='bbox 921 4223 972 4271; x_wconf 82' lang='lat' dir='ltr'><strong>uim</strong></span> <span class='ocrx_word' id='word_1_305' title='bbox 980 4223 1056 4289; x_wconf 82' lang='lat' dir='ltr'><strong>fecit,</strong></span> <span class='ocrx_word' id='word_1_306' title='bbox 1070 4225 1150 4272; x_wconf 78' lang='lat' dir='ltr'><strong>facere</strong></span> <span class='ocrx_word' id='word_1_307' title='bbox 1160 4240 1233 4272; x_wconf 85' lang='lat' dir='ltr'><strong>cona-</strong></span> 
     </span>
     <span class='ocr_line' id='line_1_37' title="bbox 169 4295 1233 4369; baseline 0.005 -23"><span class='ocrx_word' id='word_1_308' title='bbox 169 4297 244 4348; x_wconf 77' lang='lat' dir='ltr'><strong>Hard.</strong></span> <span class='ocrx_word' id='word_1_309' title='bbox 256 4297 288 4344; x_wconf 88' lang='lat' dir='ltr'><strong>ad</strong></span> <span class='ocrx_word' id='word_1_310' title='bbox 297 4295 359 4344; x_wconf 86' lang='lat' dir='ltr'><strong>Pliu.</strong></span> <span class='ocrx_word' id='word_1_311' title='bbox 372 4295 404 4351; x_wconf 86' lang='lat' dir='ltr'><strong>V,</strong></span> <span class='ocrx_word' id='word_1_312' title='bbox 418 4297 450 4342; x_wconf 78' lang='lat'><strong>32</strong></span> <span class='ocrx_word' id='word_1_313' title='bbox 464 4312 507 4343; x_wconf 79' lang='lat' dir='ltr'><strong>seu</strong></span> <span class='ocrx_word' id='word_1_314' title='bbox 522 4304 563 4352; x_wconf 65' lang='lat' dir='ltr'><strong>ta.</strong></span> <span class='ocrx_word' id='word_1_315' title='bbox 723 4312 761 4350; x_wconf 81' lang='lat' dir='ltr'><strong>tur</strong></span> <span class='ocrx_word' id='word_1_316' title='bbox 777 4314 814 4350; x_wconf 81' lang='lat' dir='ltr'><strong>eat</strong></span> <span class='ocrx_word' id='word_1_317' title='bbox 834 4319 877 4351; x_wconf 71' lang='lat' dir='ltr'><strong>eeu</strong></span> <span class='ocrx_word' id='word_1_318' title='bbox 889 4303 980 4351; x_wconf 83' lang='lat' dir='ltr'><strong>voluit:</strong></span> <span class='ocrx_word' id='word_1_319' title='bbox 994 4315 1063 4352; x_wconf 84' lang='lat' dir='ltr'><strong>actua</strong></span> <span class='ocrx_word' id='word_1_320' title='bbox 1082 4320 1129 4369; x_wconf 88' lang='lat' dir='ltr'><strong>pro</strong></span> <span class='ocrx_word' id='word_1_321' title='bbox 1143 4315 1233 4353; x_wconf 82' lang='lat' dir='ltr'><strong>conatu</strong></span> 
     </span>
    </p>

    <p class='ocr_par' dir='ltr' id='par_1_5' title="bbox 168 4374 1232 4525">
     <span class='ocr_line' id='line_1_38' title="bbox 205 4374 1232 4448; baseline 0.007 -25"><span class='ocrx_word' id='word_1_322' title='bbox 205 4394 230 4426; x_wconf 83' lang='lat' dir='ltr'><strong>a.</strong></span> <span class='ocrx_word' id='word_1_323' title='bbox 252 4374 401 4439; x_wconf 82' lang='lat' dir='ltr'><strong>Ortiagonris</strong></span> <span class='ocrx_word' id='word_1_324' title='bbox 417 4374 512 4440; x_wconf 68' lang='lat' dir='ltr'><strong>ngredi(</strong></span> <span class='ocrx_word' id='word_1_325' title='bbox 523 4375 574 4423; x_wconf 85' lang='lat' dir='ltr'><strong>vid.</strong></span> <span class='ocrx_word' id='word_1_326' title='bbox 591 4393 612 4425; x_wconf 88' lang='lat' dir='ltr'><strong>c.</strong></span> <span class='ocrx_word' id='word_1_327' title='bbox 632 4394 676 4440; x_wconf 83' lang='lat'><strong>19,</strong></span> <span class='ocrx_word' id='word_1_328' title='bbox 721 4381 798 4445; x_wconf 79' lang='lat' dir='ltr'><strong>(vide</strong></span> <span class='ocrx_word' id='word_1_329' title='bbox 810 4381 841 4429; x_wconf 87' lang='lat' dir='ltr'><strong>ad</strong></span> <span class='ocrx_word' id='word_1_330' title='bbox 855 4384 905 4439; x_wconf 80' lang='grc' dir='ltr'>ΙΙΙ,</span> <span class='ocrx_word' id='word_1_331' title='bbox 926 4397 976 4437; x_wconf 84' lang='lat' dir='ltr'><strong>ar,</strong></span> <span class='ocrx_word' id='word_1_332' title='bbox 989 4399 1014 4430; x_wconf 89' lang='lat' dir='ltr'><strong>n.</strong></span> <span class='ocrx_word' id='word_1_333' title='bbox 1033 4383 1081 4448; x_wconf 79' lang='lat'><strong>3),</strong></span> <span class='ocrx_word' id='word_1_334' title='bbox 1095 4399 1146 4448; x_wconf 87' lang='lat' dir='ltr'><strong>qno</strong></span> <span class='ocrx_word' id='word_1_335' title='bbox 1160 4384 1232 4431; x_wconf 82' lang='lat' dir='ltr'><strong>etiam</strong></span> 
     </span>
     <span class='ocr_line' id='line_1_39' title="bbox 168 4452 1232 4525; baseline 0.007 -24"><span class='ocrx_word' id='word_1_336' title='bbox 168 4452 676 4520; x_wconf 67' lang='grc' dir='ltr'><strong>ιιι)ιιιον(31ιίοιιιιιι,οιι]“ιιιιιιιιιιονα-</strong></span> <span class='ocrx_word' id='word_1_337' title='bbox 721 4471 840 4523; x_wconf 69' lang='lat' dir='ltr'><strong>postrema</strong></span> <span class='ocrx_word' id='word_1_338' title='bbox 855 4461 928 4520; x_wconf 77' lang='lat' dir='ltr'><strong>hujus</strong></span> <span class='ocrx_word' id='word_1_339' title='bbox 943 4477 997 4525; x_wconf 86' lang='lat' dir='ltr'><strong>cap.</strong></span> <span class='ocrx_word' id='word_1_340' title='bbox 1016 4462 1088 4509; x_wconf 79' lang='lat' dir='ltr'><strong>verba</strong></span> <span class='ocrx_word' id='word_1_341' title='bbox 1107 4464 1232 4510; x_wconf 77' lang='lat' dir='ltr'><strong>referenda</strong></span> 
     </span>
    </p>
   </div>
   <div class='ocr_carea' id='block_1_3' title="bbox 0 0 1366 5040">
    <p class='ocr_par' dir='ltr' id='par_1_6' title="bbox 0 0 1366 5040">
     <span class='ocr_line' id='line_1_40' title="bbox 0 0 1366 5040; baseline 0 6"><span class='ocrx_word' id='word_1_342' title='bbox 0 0 1366 5040; x_wconf 95' lang='lat' dir='ltr'><strong> </strong></span> 
     </span>
    </p>
   </div>
  </div>
 </body>
</html>
