<?xml version="1.0" encoding="UTF-8"?>
<!DOCTYPE html PUBLIC "-//W3C//DTD XHTML 1.0 Transitional//EN"
    "http://www.w3.org/TR/xhtml1/DTD/xhtml1-transitional.dtd">
<html xmlns="http://www.w3.org/1999/xhtml" xml:lang="en" lang="en">
 <head>
  <title>
</title>
<meta http-equiv="Content-Type" content="text/html;charset=utf-8" />
  <meta name='ocr-system' content='tesseract 3.04.00' />
  <meta name='ocr-capabilities' content='ocr_page ocr_carea ocr_par ocr_line ocrx_word'/>
</head>
<body>
  <div class='ocr_page' id='page_1' title='image "./titusliviuspata05freigoog_0305.png"; bbox 0 0 2722 5040; ppageno 0'>
   <div class='ocr_carea' id='block_1_1' title="bbox 105 631 1266 3289">
    <p class='ocr_par' dir='ltr' id='par_1_1' title="bbox 196 631 1265 1417">
     <span class='ocr_line' id='line_1_1' title="bbox 201 631 1237 755; baseline 0.006 -26"><span class='ocrx_word' id='word_1_1' title='bbox 201 656 272 755; x_wconf 76' lang='lat'>296</span> <span class='ocrx_word' id='word_1_2' title='bbox 621 658 659 725; x_wconf 85' lang='lat' dir='ltr'>T.</span> <span class='ocrx_word' id='word_1_3' title='bbox 693 658 833 729; x_wconf 76' lang='lat' dir='ltr'>mvu</span> <span class='ocrx_word' id='word_1_4' title='bbox 1110 631 1237 738; x_wconf 64' lang='lat' dir='ltr'>ssu</span> 
     </span>
     <span class='ocr_line' id='line_1_2' title="bbox 197 764 1264 866; baseline -0.003 -24"><span class='ocrx_word' id='word_1_5' title='bbox 197 767 289 843; x_wconf 85' lang='lat' dir='ltr'>adeo</span> <span class='ocrx_word' id='word_1_6' title='bbox 313 764 539 866; x_wconf 81' lang='lat' dir='ltr'>magnificam</span> <span class='ocrx_word' id='word_1_7' title='bbox 562 765 609 839; x_wconf 88' lang='lat' dir='ltr'>de</span> <span class='ocrx_word' id='word_1_8' title='bbox 631 765 741 839; x_wconf 88' lang='lat' dir='ltr'>rebus</span> <span class='ocrx_word' id='word_1_9' title='bbox 759 767 805 840; x_wconf 85' lang='lat' dir='ltr'>ab</span> <span class='ocrx_word' id='word_1_10' title='bbox 825 792 863 840; x_wconf 85' lang='lat' dir='ltr'>se</span> <span class='ocrx_word' id='word_1_11' title='bbox 884 768 991 866; x_wconf 84' lang='lat' dir='ltr'>gestis</span> <span class='ocrx_word' id='word_1_12' title='bbox 1011 780 1066 838; x_wconf 85' lang='lat' dir='ltr'>est</span> <span class='ocrx_word' id='word_1_13' title='bbox 1090 789 1264 857; x_wconf 82' lang='lat' dir='ltr'>exorsus,</span> 
     </span>
     <span class='ocr_line' id='line_1_3' title="bbox 197 877 1263 976; baseline 0 -26"><span class='ocrx_word' id='word_1_14' title='bbox 197 894 241 950; x_wconf 94' lang='lat' dir='ltr'>ut</span> <span class='ocrx_word' id='word_1_15' title='bbox 258 879 342 950; x_wconf 83' lang='lat' dir='ltr'>satis</span> <span class='ocrx_word' id='word_1_16' title='bbox 359 890 562 963; x_wconf 81' lang='lat' dir='ltr'>constaret,</span> <span class='ocrx_word' id='word_1_17' title='bbox 584 879 767 950; x_wconf 86' lang='lat' dir='ltr'>neminem</span> <span class='ocrx_word' id='word_1_18' title='bbox 788 904 952 976; x_wconf 89' lang='lat' dir='ltr'>unquam</span> <span class='ocrx_word' id='word_1_19' title='bbox 974 903 1094 975; x_wconf 88' lang='lat' dir='ltr'>neque</span> <span class='ocrx_word' id='word_1_20' title='bbox 1116 877 1263 965; x_wconf 90' lang='lat' dir='ltr'>melius,</span> 
     </span>
     <span class='ocr_line' id='line_1_4' title="bbox 197 986 1264 1084; baseline 0 -25"><span class='ocrx_word' id='word_1_21' title='bbox 197 1011 318 1084; x_wconf 92' lang='lat' dir='ltr'>neque</span> <span class='ocrx_word' id='word_1_22' title='bbox 347 988 467 1058; x_wconf 83' lang='lat' dir='ltr'>verius</span> <span class='ocrx_word' id='word_1_23' title='bbox 501 986 685 1058; x_wconf 77' lang='lat' dir='ltr'>laudatum</span> <span class='ocrx_word' id='word_1_24' title='bbox 722 1012 808 1061; x_wconf 86' lang='lat' dir='ltr'>esse.</span> <span class='ocrx_word' id='word_1_25' title='bbox 840 987 1062 1061; x_wconf 85' lang='lat' dir='ltr'>Dicebantur</span> <span class='ocrx_word' id='word_1_26' title='bbox 1090 989 1188 1060; x_wconf 88' lang='lat' dir='ltr'>enim</span> <span class='ocrx_word' id='word_1_27' title='bbox 1217 986 1264 1060; x_wconf 89' lang='lat' dir='ltr'>ab</span> 
     </span>
     <span class='ocr_line' id='line_1_5' title="bbox 198 1094 1265 1196; baseline -0.002 -25"><span class='ocrx_word' id='word_1_28' title='bbox 198 1097 328 1171; x_wconf 87' lang='lat' dir='ltr'>eodem</span> <span class='ocrx_word' id='word_1_29' title='bbox 358 1094 505 1168; x_wconf 86' lang='lat' dir='ltr'>auimo⁵</span> <span class='ocrx_word' id='word_1_30' title='bbox 533 1099 772 1195; x_wconf 84' lang='lat' dir='ltr'>ingenioque,</span> <span class='ocrx_word' id='word_1_31' title='bbox 800 1122 821 1170; x_wconf 89' lang='lat' dir='ltr'>a</span> <span class='ocrx_word' id='word_1_32' title='bbox 853 1123 928 1196; x_wconf 93' lang='lat' dir='ltr'>quo</span> <span class='ocrx_word' id='word_1_33' title='bbox 957 1114 1055 1196; x_wconf 84' lang='lat' dir='ltr'>gesta</span> <span class='ocrx_word' id='word_1_34' title='bbox 1077 1113 1201 1187; x_wconf 81' lang='lat' dir='ltr'>eraut3</span> <span class='ocrx_word' id='word_1_35' title='bbox 1229 1114 1265 1170; x_wconf 87' lang='lat' dir='ltr'>et</span> 
     </span>
     <span class='ocr_line' id='line_1_6' title="bbox 198 1205 1264 1307; baseline 0 -28"><span class='ocrx_word' id='word_1_36' title='bbox 198 1210 339 1280; x_wconf 88' lang='lat' dir='ltr'>aurium</span> <span class='ocrx_word' id='word_1_37' title='bbox 360 1205 542 1278; x_wconf 85' lang='lat' dir='ltr'>fastidium</span> <span class='ocrx_word' id='word_1_38' title='bbox 564 1205 707 1294; x_wconf 69' lang='lat' dir='ltr'>aberm,</span> <span class='ocrx_word' id='word_1_39' title='bbox 730 1210 815 1306; x_wconf 87' lang='lat' dir='ltr'>quia</span> <span class='ocrx_word' id='word_1_40' title='bbox 840 1233 908 1307; x_wconf 88' lang='lat' dir='ltr'>pro</span> <span class='ocrx_word' id='word_1_41' title='bbox 929 1209 1112 1307; x_wconf 89' lang='lat' dir='ltr'>periculo,</span> <span class='ocrx_word' id='word_1_42' title='bbox 1132 1208 1264 1279; x_wconf 91' lang='lat' dir='ltr'>nonin</span> 
     </span>
     <span class='ocr_line' id='line_1_7' title="bbox 196 1315 648 1417; baseline -0.004 -28"><span class='ocrx_word' id='word_1_43' title='bbox 196 1319 369 1417; x_wconf 85' lang='lat' dir='ltr'>gloriam,</span> <span class='ocrx_word' id='word_1_44' title='bbox 388 1315 648 1388; x_wconf 85' lang='lat' dir='ltr'>referebantur.</span> 
     </span>
    </p>

    <p class='ocr_par' dir='ltr' id='par_1_2' title="bbox 105 1425 1266 3180">
     <span class='ocr_line' id='line_1_8' title="bbox 245 1425 1264 1525; baseline -0.001 -25"><span class='ocrx_word' id='word_1_45' title='bbox 245 1433 301 1502; x_wconf 93' lang='lat' dir='ltr'>LI.</span> <span class='ocrx_word' id='word_1_46' title='bbox 327 1426 480 1500; x_wconf 85' lang='lat' dir='ltr'>Tribuni</span> <span class='ocrx_word' id='word_1_47' title='bbox 498 1425 614 1524; x_wconf 90' lang='lat' dir='ltr'>plebis</span> <span class='ocrx_word' id='word_1_48' title='bbox 631 1442 752 1499; x_wconf 87' lang='lat' dir='ltr'>vetera</span> <span class='ocrx_word' id='word_1_49' title='bbox 774 1427 926 1500; x_wconf 84' lang='lat' dir='ltr'>luxuriae</span> <span class='ocrx_word' id='word_1_50' title='bbox 947 1429 1096 1499; x_wconf 86' lang='lat' dir='ltr'>crimina</span> <span class='ocrx_word' id='word_1_51' title='bbox 1118 1434 1264 1525; x_wconf 85' lang='lat' dir='ltr'>Syracu·</span> 
     </span>
     <span class='ocr_line' id='line_1_9' title="bbox 196 1536 1263 1623; baseline -0.005 -10"><span class='ocrx_word' id='word_1_52' title='bbox 196 1563 365 1613; x_wconf 83' lang='lat' dir='ltr'>sanorum</span> <span class='ocrx_word' id='word_1_53' title='bbox 384 1536 640 1623; x_wconf 85' lang='lat' dir='ltr'>hibernorum,</span> <span class='ocrx_word' id='word_1_54' title='bbox 660 1551 696 1608; x_wconf 86' lang='lat' dir='ltr'>et</span> <span class='ocrx_word' id='word_1_55' title='bbox 714 1539 835 1608; x_wconf 88' lang='lat' dir='ltr'>Locris</span> <span class='ocrx_word' id='word_1_56' title='bbox 851 1537 1111 1610; x_wconf 88' lang='lat' dir='ltr'><strong>Pleminianum</strong></span> <span class='ocrx_word' id='word_1_57' title='bbox 1130 1538 1263 1609; x_wconf 89' lang='lat' dir='ltr'>tumul·</span> 
     </span>
     <span class='ocr_line' id='line_1_10' title="bbox 198 1645 1265 1746; baseline 0 -27"><span class='ocrx_word' id='word_1_58' title='bbox 198 1664 275 1720; x_wconf 80' lang='lat' dir='ltr'>tu&#39;m</span> <span class='ocrx_word' id='word_1_59' title='bbox 288 1659 315 1734; x_wconf 86' lang='lat'>¹,</span> <span class='ocrx_word' id='word_1_60' title='bbox 334 1671 447 1746; x_wconf 91' lang='lat' dir='ltr'>quum</span> <span class='ocrx_word' id='word_1_61' title='bbox 470 1646 515 1717; x_wconf 88' lang='lat' dir='ltr'>ad</span> <span class='ocrx_word' id='word_1_62' title='bbox 537 1645 648 1717; x_wconf 88' lang='lat' dir='ltr'>fidem</span> <span class='ocrx_word' id='word_1_63' title='bbox 664 1650 894 1744; x_wconf 85' lang='lat' dir='ltr'>praeseutium</span> <span class='ocrx_word' id='word_1_64' title='bbox 911 1648 1103 1718; x_wconf 88' lang='lat' dir='ltr'>criminum</span> <span class='ocrx_word' id='word_1_65' title='bbox 1119 1648 1265 1719; x_wconf 86' lang='lat' dir='ltr'>retulis-</span> 
     </span>
     <span class='ocr_line' id='line_1_11' title="bbox 197 1756 1264 1857; baseline 0 -28"><span class='ocrx_word' id='word_1_66' title='bbox 197 1773 297 1847; x_wconf 88' lang='lat' dir='ltr'>seut;</span> <span class='ocrx_word' id='word_1_67' title='bbox 309 1756 574 1857; x_wconf 87' lang='lat' dir='ltr'>suspicionibus</span> <span class='ocrx_word' id='word_1_68' title='bbox 588 1758 717 1854; x_wconf 86' lang='lat' dir='ltr'>magis,</span> <span class='ocrx_word' id='word_1_69' title='bbox 731 1782 841 1854; x_wconf 88' lang='lat' dir='ltr'>quam</span> <span class='ocrx_word' id='word_1_70' title='bbox 853 1758 1088 1855; x_wconf 85' lang='lat' dir='ltr'>argumentis,</span> <span class='ocrx_word' id='word_1_71' title='bbox 1102 1759 1264 1854; x_wconf 85' lang='lat' dir='ltr'>pecuniae</span> 
     </span>
     <span class='ocr_line' id='line_1_12' title="bbox 194 1866 1263 1966; baseline -0.006 -23"><span class='ocrx_word' id='word_1_72' title='bbox 194 1884 310 1966; x_wconf 81' lang='lat' dir='ltr'>captae</span> <span class='ocrx_word' id='word_1_73' title='bbox 335 1892 439 1940; x_wconf 87' lang='lat' dir='ltr'>reum</span> <span class='ocrx_word' id='word_1_74' title='bbox 465 1882 691 1940; x_wconf 84' lang='lat' dir='ltr'>accusarunt.</span> <span class='ocrx_word' id='word_1_75' title='bbox 719 1866 854 1938; x_wconf 83' lang='lat' dir='ltr'>Filium</span> <span class='ocrx_word' id='word_1_76' title='bbox 879 1883 1026 1963; x_wconf 86' lang='lat' dir='ltr'>captum</span> <span class='ocrx_word' id='word_1_77' title='bbox 1048 1871 1126 1936; x_wconf 86' lang='lat' dir='ltr'>sine</span> <span class='ocrx_word' id='word_1_78' title='bbox 1142 1873 1263 1964; x_wconf 85' lang='lat' dir='ltr'>pretio</span> 
     </span>
     <span class='ocr_line' id='line_1_13' title="bbox 196 1976 1265 2075; baseline 0 -26"><span class='ocrx_word' id='word_1_79' title='bbox 196 1980 398 2063; x_wconf 84' lang='lat' dir='ltr'>redditum,</span> <span class='ocrx_word' id='word_1_80' title='bbox 422 1978 661 2075; x_wconf 83' lang='lat' dir='ltr'>omnibusque</span> <span class='ocrx_word' id='word_1_81' title='bbox 688 1976 769 2050; x_wconf 73' lang='lat' dir='ltr'>aliu</span> <span class='ocrx_word' id='word_1_82' title='bbox 799 1976 905 2048; x_wconf 83' lang='lat' dir='ltr'>rebus</span> <span class='ocrx_word' id='word_1_83' title='bbox 935 1980 1155 2074; x_wconf 81' lang='lat' dir='ltr'>Scipionem,</span> <span class='ocrx_word' id='word_1_84' title='bbox 1188 1994 1265 2049; x_wconf 84' lang='lat' dir='ltr'>tan-</span> 
     </span>
     <span class='ocr_line' id='line_1_14' title="bbox 197 2085 1265 2188; baseline -0.002 -27"><span class='ocrx_word' id='word_1_85' title='bbox 197 2116 310 2188; x_wconf 88' lang='lat' dir='ltr'>quam</span> <span class='ocrx_word' id='word_1_86' title='bbox 334 2096 372 2165; x_wconf 87' lang='lat' dir='ltr'>in</span> <span class='ocrx_word' id='word_1_87' title='bbox 398 2092 476 2184; x_wconf 83' lang='lat' dir='ltr'>ejus</span> <span class='ocrx_word' id='word_1_88' title='bbox 503 2095 610 2160; x_wconf 77' lang='lat' dir='ltr'>unius</span> <span class='ocrx_word' id='word_1_89' title='bbox 636 2113 750 2159; x_wconf 90' lang='lat' dir='ltr'>manu</span> <span class='ocrx_word' id='word_1_90' title='bbox 765 2113 852 2185; x_wconf 70' lang='lat' dir='ltr'>panc</span> <span class='ocrx_word' id='word_1_91' title='bbox 877 2111 1031 2157; x_wconf 86' lang='lat' dir='ltr'>romanu</span> <span class='ocrx_word' id='word_1_92' title='bbox 1057 2085 1265 2186; x_wconf 82' lang='lat' dir='ltr'>bellumque</span> 
     </span>
     <span class='ocr_line' id='line_1_15' title="bbox 197 2197 1263 2287; baseline 0 -16"><span class='ocrx_word' id='word_1_93' title='bbox 197 2216 306 2287; x_wconf 87' lang='lat' dir='ltr'>esset,</span> <span class='ocrx_word' id='word_1_94' title='bbox 334 2198 383 2270; x_wconf 87' lang='lat' dir='ltr'>ab</span> <span class='ocrx_word' id='word_1_95' title='bbox 404 2199 583 2285; x_wconf 74' lang='lat' dir='ltr'>Antiocho</span> <span class='ocrx_word' id='word_1_96' title='bbox 600 2197 745 2269; x_wconf 68' lang='lat' dir='ltr'>cultram.</span> <span class='ocrx_word' id='word_1_97' title='bbox 768 2204 989 2269; x_wconf 81' lang='lat' dir='ltr'>Dictatorem</span> <span class='ocrx_word' id='word_1_98' title='bbox 1007 2222 1090 2269; x_wconf 91' lang='lat' dir='ltr'>eum</span> <span class='ocrx_word' id='word_1_99' title='bbox 1108 2199 1263 2286; x_wconf 84' lang='lat' dir='ltr'>consuli,</span> 
     </span>
     <span class='ocr_line' id='line_1_16' title="bbox 198 2308 1263 2407; baseline 0 -26"><span class='ocrx_word' id='word_1_100' title='bbox 198 2336 269 2382; x_wconf 87' lang='lat' dir='ltr'>non</span> <span class='ocrx_word' id='word_1_101' title='bbox 286 2309 464 2406; x_wconf 82' lang='lat' dir='ltr'>legatum,</span> <span class='ocrx_word' id='word_1_102' title='bbox 486 2316 524 2380; x_wconf 90' lang='lat' dir='ltr'>in</span> <span class='ocrx_word' id='word_1_103' title='bbox 538 2310 878 2407; x_wconf 77' lang='lat' dir='ltr'>prorzneiafuisse;</span> <span class='ocrx_word' id='word_1_104' title='bbox 899 2334 964 2379; x_wconf 88' lang='lat' dir='ltr'>nec</span> <span class='ocrx_word' id='word_1_105' title='bbox 981 2308 1034 2378; x_wconf 87' lang='lat' dir='ltr'>ad</span> <span class='ocrx_word' id='word_1_106' title='bbox 1053 2308 1166 2380; x_wconf 87' lang='lat' dir='ltr'>aliam</span> <span class='ocrx_word' id='word_1_107' title='bbox 1188 2335 1263 2382; x_wconf 88' lang='lat' dir='ltr'>rem</span> 
     </span>
     <span class='ocr_line' id='line_1_17' title="bbox 199 2419 1262 2519; baseline 0 -28"><span class='ocrx_word' id='word_1_108' title='bbox 199 2446 241 2491; x_wconf 89' lang='lat' dir='ltr'>eo</span> <span class='ocrx_word' id='word_1_109' title='bbox 251 2423 477 2519; x_wconf 75' lang='lat' dir='ltr'>profhctum,</span> <span class='ocrx_word' id='word_1_110' title='bbox 497 2446 609 2517; x_wconf 88' lang='lat' dir='ltr'>quam</span> <span class='ocrx_word' id='word_1_111' title='bbox 629 2435 684 2505; x_wconf 86' lang='lat' dir='ltr'>ut,</span> <span class='ocrx_word' id='word_1_112' title='bbox 706 2420 748 2491; x_wconf 84' lang='lat' dir='ltr'>id</span> <span class='ocrx_word' id='word_1_113' title='bbox 763 2420 866 2517; x_wconf 85' lang='lat' dir='ltr'>quod</span> <span class='ocrx_word' id='word_1_114' title='bbox 880 2424 1086 2516; x_wconf 61' lang='lat' dir='ltr'>Hirpinum,</span> <span class='ocrx_word' id='word_1_115' title='bbox 1114 2419 1262 2503; x_wconf 62' lang='lat' dir='ltr'>Galen,</span> 
     </span>
     <span class='ocr_line' id='line_1_18' title="bbox 197 2529 1264 2627; baseline -0.001 -25"><span class='ocrx_word' id='word_1_116' title='bbox 197 2529 351 2615; x_wconf 85' lang='lat' dir='ltr'>Sieiliae,</span> <span class='ocrx_word' id='word_1_117' title='bbox 376 2531 516 2622; x_wconf 68' lang='lat' dir='ltr'>Africae</span> <span class='ocrx_word' id='word_1_118' title='bbox 534 2532 619 2624; x_wconf 88' lang='lat' dir='ltr'>jam</span> <span class='ocrx_word' id='word_1_119' title='bbox 644 2529 788 2627; x_wconf 82' lang='lat' dir='ltr'>pridem</span> <span class='ocrx_word' id='word_1_120' title='bbox 807 2554 1028 2627; x_wconf 81' lang='lat' dir='ltr'>persuasum</span> <span class='ocrx_word' id='word_1_121' title='bbox 1055 2544 1166 2617; x_wconf 82' lang='lat' dir='ltr'>esset,</span> <span class='ocrx_word' id='word_1_122' title='bbox 1195 2531 1264 2601; x_wconf 80' lang='lat' dir='ltr'>hoe</span> 
     </span>
     <span class='ocr_line' id='line_1_19' title="bbox 203 2638 1264 2736; baseline 0.003 -27"><span class='ocrx_word' id='word_1_123' title='bbox 203 2643 355 2716; x_wconf 78' lang='lat' dir='ltr'>Grrecioe</span> <span class='ocrx_word' id='word_1_124' title='bbox 372 2642 546 2736; x_wconf 83' lang='lat' dir='ltr'>Asiceque</span> <span class='ocrx_word' id='word_1_125' title='bbox 567 2656 603 2710; x_wconf 87' lang='lat' dir='ltr'>et</span> <span class='ocrx_word' id='word_1_126' title='bbox 622 2638 788 2725; x_wconf 84' lang='lat' dir='ltr'>omnibus</span> <span class='ocrx_word' id='word_1_127' title='bbox 809 2640 863 2710; x_wconf 83' lang='lat' dir='ltr'>ad</span> <span class='ocrx_word' id='word_1_128' title='bbox 877 2646 1049 2711; x_wconf 80' lang='lat' dir='ltr'>orientem</span> <span class='ocrx_word' id='word_1_129' title='bbox 1068 2645 1181 2713; x_wconf 83' lang='lat' dir='ltr'>versis</span> <span class='ocrx_word' id='word_1_130' title='bbox 1206 2666 1264 2712; x_wconf 86' lang='lat' dir='ltr'>re·</span> 
     </span>
     <span class='ocr_line' id='line_1_20' title="bbox 194 2749 1266 2849; baseline 0.004 -30"><span class='ocrx_word' id='word_1_131' title='bbox 194 2750 302 2846; x_wconf 78' lang='lat' dir='ltr'>gibus</span> <span class='ocrx_word' id='word_1_132' title='bbox 312 2749 550 2848; x_wconf 80' lang='lat' dir='ltr'>gentibusque</span> <span class='ocrx_word' id='word_1_133' title='bbox 561 2761 576 2792; x_wconf 82' lang='lat'><em>²</em></span> <span class='ocrx_word' id='word_1_134' title='bbox 597 2767 806 2849; x_wconf 63' lang='lat' dir='ltr'>apparerem</span> <span class='ocrx_word' id='word_1_135' title='bbox 827 2776 940 2822; x_wconf 89' lang='lat' dir='ltr'>unum</span> <span class='ocrx_word' id='word_1_136' title='bbox 956 2752 1140 2822; x_wconf 75' lang='lat' dir='ltr'>hominem</span> <span class='ocrx_word' id='word_1_137' title='bbox 1154 2767 1266 2848; x_wconf 82' lang='lat' dir='ltr'>caput</span> 
     </span>
     <span class='ocr_line' id='line_1_21' title="bbox 198 2859 1264 2958; baseline -0.001 -27"><span class='ocrx_word' id='word_1_138' title='bbox 198 2863 436 2958; x_wconf 84' lang='lat' dir='ltr'>columenque</span> <span class='ocrx_word' id='word_1_139' title='bbox 457 2867 598 2958; x_wconf 85' lang='lat' dir='ltr'>imperii</span> <span class='ocrx_word' id='word_1_140' title='bbox 612 2867 756 2940; x_wconf 82' lang='lat' dir='ltr'>romoni</span> <span class='ocrx_word' id='word_1_141' title='bbox 776 2887 871 2947; x_wconf 86' lang='lat' dir='ltr'>esse,</span> <span class='ocrx_word' id='word_1_142' title='bbox 895 2860 963 2931; x_wconf 87' lang='lat' dir='ltr'>sub</span> <span class='ocrx_word' id='word_1_143' title='bbox 982 2859 1113 2931; x_wconf 85' lang='lat' dir='ltr'>umbra</span> <span class='ocrx_word' id='word_1_144' title='bbox 1129 2863 1264 2957; x_wconf 84' lang='lat' dir='ltr'>Scipio·</span> 
     </span>
     <span class='ocr_line' id='line_1_22' title="bbox 105 2962 1262 3069; baseline -0.002 -27"><span class='ocrx_word' id='word_1_145' title='bbox 105 2962 108 2973; x_wconf 71' lang='grc'><strong>’</strong></span> <span class='ocrx_word' id='word_1_146' title='bbox 199 2977 256 3042; x_wconf 87' lang='lat' dir='ltr'>nis</span> <span class='ocrx_word' id='word_1_147' title='bbox 274 2977 450 3048; x_wconf 81' lang='lat' dir='ltr'>civitatem</span> <span class='ocrx_word' id='word_1_148' title='bbox 470 2973 657 3043; x_wconf 85' lang='lat' dir='ltr'>dominam</span> <span class='ocrx_word' id='word_1_149' title='bbox 675 2972 771 3043; x_wconf 80' lang='lat' dir='ltr'>orbis</span> <span class='ocrx_word' id='word_1_150' title='bbox 789 2986 966 3042; x_wconf 87' lang='lat' dir='ltr'>terrarum</span> <span class='ocrx_word' id='word_1_151' title='bbox 982 2971 1113 3056; x_wconf 84' lang='lat' dir='ltr'>latere,</span> <span class='ocrx_word' id='word_1_152' title='bbox 1128 2986 1262 3069; x_wconf 16' lang='lat' dir='ltr'>’‘nutum</span> 
     </span>
     <span class='ocr_line' id='line_1_23' title="bbox 200 3078 1263 3180; baseline -0.012 -23"><span class='ocrx_word' id='word_1_153' title='bbox 200 3084 277 3175; x_wconf 73' lang='lat' dir='ltr'>esus</span> <span class='ocrx_word' id='word_1_154' title='bbox 287 3107 357 3179; x_wconf 85' lang='lat' dir='ltr'>pro</span> <span class='ocrx_word' id='word_1_155' title='bbox 373 3084 522 3154; x_wconf 84' lang='lat' dir='ltr'>decretis</span> <span class='ocrx_word' id='word_1_156' title='bbox 538 3088 706 3166; x_wconf 82' lang='lat' dir='ltr'>Petrum,</span> <span class='ocrx_word' id='word_1_157' title='bbox 718 3107 792 3179; x_wconf 86' lang='lat' dir='ltr'>pro</span> <span class='ocrx_word' id='word_1_158' title='bbox 798 3081 935 3180; x_wconf 86' lang='lat' dir='ltr'>populi</span> <span class='ocrx_word' id='word_1_159' title='bbox 939 3084 1054 3177; x_wconf 76' lang='lat' dir='ltr'>jussis</span> <span class='ocrx_word' id='word_1_160' title='bbox 1068 3104 1154 3151; x_wconf 84' lang='lat' dir='ltr'>esse.</span> <span class='ocrx_word' id='word_1_161' title='bbox 1169 3078 1263 3150; x_wconf 74' lang='lat' dir='ltr'>lusa..</span> 
     </span>
    </p>

    <p class='ocr_par' dir='ltr' id='par_1_3' title="bbox 200 3190 1262 3289">
     <span class='ocr_line' id='line_1_24' title="bbox 200 3190 1262 3289; baseline -0.003 -27"><span class='ocrx_word' id='word_1_162' title='bbox 200 3193 272 3263; x_wconf 84' lang='lat' dir='ltr'>mia</span> <span class='ocrx_word' id='word_1_163' title='bbox 296 3193 490 3280; x_wconf 85' lang='lat' dir='ltr'>intactum,</span> <span class='ocrx_word' id='word_1_164' title='bbox 507 3191 657 3278; x_wconf 85' lang='lat' dir='ltr'>invidia,</span> <span class='ocrx_word' id='word_1_165' title='bbox 676 3217 749 3289; x_wconf 88' lang='lat' dir='ltr'>qua</span> <span class='ocrx_word' id='word_1_166' title='bbox 769 3206 944 3289; x_wconf 87' lang='lat' dir='ltr'>possunt,</span> <span class='ocrx_word' id='word_1_167' title='bbox 962 3205 1109 3287; x_wconf 84' lang='lat' dir='ltr'>urgent:</span> <span class='ocrx_word' id='word_1_168' title='bbox 1128 3190 1262 3260; x_wconf 86' lang='lat' dir='ltr'>oratio·</span> 
     </span>
    </p>
   </div>
   <div class='ocr_carea' id='block_1_2' title="bbox 155 3444 1332 4385">
    <p class='ocr_par' dir='ltr' id='par_1_4' title="bbox 199 3444 1262 3751">
     <span class='ocr_line' id='line_1_25' title="bbox 234 3444 1262 3509; baseline 0.008 -18"><span class='ocrx_word' id='word_1_169' title='bbox 234 3444 418 3494; x_wconf 67' lang='lat' dir='ltr'>serenantur</span> <span class='ocrx_word' id='word_1_170' title='bbox 434 3449 497 3496; x_wconf 87' lang='lat' dir='ltr'>enim</span> <span class='ocrx_word' id='word_1_171' title='bbox 513 3450 545 3497; x_wconf 79' lang='lat' dir='ltr'>ab</span> <span class='ocrx_word' id='word_1_172' title='bbox 556 3450 641 3498; x_wconf 87' lang='lat' dir='ltr'>eodem</span> <span class='ocrx_word' id='word_1_173' title='bbox 654 3452 709 3499; x_wconf 88' lang='lat' dir='ltr'>ani·</span> <span class='ocrx_word' id='word_1_174' title='bbox 751 3449 820 3509; x_wconf 70' lang='lat' dir='ltr'>buit,</span> <span class='ocrx_word' id='word_1_175' title='bbox 832 3449 898 3498; x_wconf 81' lang='lat' dir='ltr'>Duk.</span> <span class='ocrx_word' id='word_1_176' title='bbox 909 3449 973 3497; x_wconf 84' lang='lat' dir='ltr'>Vide</span> <span class='ocrx_word' id='word_1_177' title='bbox 984 3450 1015 3501; x_wconf 71' lang='lat' dir='ltr'>ad</span> <span class='ocrx_word' id='word_1_178' title='bbox 1026 3451 1208 3509; x_wconf 61' lang='lat' dir='ltr'>Xsslmss,</span> <span class='ocrx_word' id='word_1_179' title='bbox 1221 3451 1262 3506; x_wconf 72' lang='grc'>54.</span> 
     </span>
     <span class='ocr_line' id='line_1_26' title="bbox 199 3529 1259 3593; baseline 0.006 -24"><span class='ocrx_word' id='word_1_180' title='bbox 199 3540 253 3578; x_wconf 88' lang='lat' dir='ltr'>mo,</span> <span class='ocrx_word' id='word_1_181' title='bbox 266 3537 313 3574; x_wconf 80' lang='lat' dir='ltr'>ete.</span> <span class='ocrx_word' id='word_1_182' title='bbox 324 3529 391 3577; x_wconf 82' lang='lat' dir='ltr'>cous.</span> <span class='ocrx_word' id='word_1_183' title='bbox 405 3529 476 3577; x_wconf 84' lang='lat' dir='ltr'>simil.</span> <span class='ocrx_word' id='word_1_184' title='bbox 491 3529 538 3578; x_wconf 87' lang='lat' dir='ltr'>loc.</span> <span class='ocrx_word' id='word_1_185' title='bbox 553 3530 656 3593; x_wconf 80' lang='lat' dir='ltr'>Quintil.</span> <span class='ocrx_word' id='word_1_186' title='bbox 669 3532 707 3592; x_wconf 70' lang='grc' dir='ltr'>Χ,</span> <span class='ocrx_word' id='word_1_187' title='bbox 787 3546 812 3577; x_wconf 79' lang='lat'>2.</span> <span class='ocrx_word' id='word_1_188' title='bbox 828 3529 942 3577; x_wconf 80' lang='lat' dir='ltr'>Omnibus</span> <span class='ocrx_word' id='word_1_189' title='bbox 953 3529 990 3578; x_wconf 81' lang='lat' dir='ltr'>ud</span> <span class='ocrx_word' id='word_1_190' title='bbox 1000 3530 1116 3578; x_wconf 82' lang='lat' dir='ltr'>orientem</span> <span class='ocrx_word' id='word_1_191' title='bbox 1134 3529 1210 3577; x_wconf 80' lang='lat' dir='ltr'>uersis</span> <span class='ocrx_word' id='word_1_192' title='bbox 1224 3546 1259 3577; x_wconf 86' lang='lat' dir='ltr'>re-</span> 
     </span>
     <span class='ocr_line' id='line_1_27' title="bbox 203 3602 1261 3673; baseline 0.006 -22"><span class='ocrx_word' id='word_1_193' title='bbox 203 3619 231 3664; x_wconf 84' lang='lat'>1,</span> <span class='ocrx_word' id='word_1_194' title='bbox 248 3602 291 3651; x_wconf 91' lang='lat' dir='ltr'>ubi</span> <span class='ocrx_word' id='word_1_195' title='bbox 303 3606 384 3660; x_wconf 77' lang='lat' dir='ltr'>uurn.</span> <span class='ocrx_word' id='word_1_196' title='bbox 398 3609 492 3658; x_wconf 83' lang='lat' dir='ltr'>emend.</span> <span class='ocrx_word' id='word_1_197' title='bbox 510 3609 534 3657; x_wconf 82' lang='lat' dir='ltr'>d.</span> <span class='ocrx_word' id='word_1_198' title='bbox 544 3626 566 3658; x_wconf 83' lang='lat' dir='ltr'>e.</span> <span class='ocrx_word' id='word_1_199' title='bbox 579 3611 611 3658; x_wconf 84' lang='lat' dir='ltr'>ab</span> <span class='ocrx_word' id='word_1_200' title='bbox 624 3625 653 3656; x_wconf 89' lang='lat' dir='ltr'>eo</span> <span class='ocrx_word' id='word_1_201' title='bbox 667 3625 708 3657; x_wconf 88' lang='lat' dir='ltr'>eo·</span> <span class='ocrx_word' id='word_1_202' title='bbox 749 3608 820 3673; x_wconf 76' lang='lat' dir='ltr'>gibus</span> <span class='ocrx_word' id='word_1_203' title='bbox 841 3608 1015 3672; x_wconf 76' lang='lat' dir='ltr'>gentibusque,</span> <span class='ocrx_word' id='word_1_204' title='bbox 1044 3624 1147 3673; x_wconf 84' lang='lat' dir='ltr'>quorum</span> <span class='ocrx_word' id='word_1_205' title='bbox 1174 3624 1261 3673; x_wconf 72' lang='lat' dir='ltr'>regnu,</span> 
     </span>
     <span class='ocr_line' id='line_1_28' title="bbox 199 3680 1262 3751; baseline 0.008 -24"><span class='ocrx_word' id='word_1_206' title='bbox 199 3680 254 3729; x_wconf 83' lang='lat' dir='ltr'>dem</span> <span class='ocrx_word' id='word_1_207' title='bbox 263 3700 288 3730; x_wconf 84' lang='lat' dir='ltr'>a.</span> <span class='ocrx_word' id='word_1_208' title='bbox 302 3683 313 3730; x_wconf 91' lang='lat' dir='ltr'>i</span> <span class='ocrx_word' id='word_1_209' title='bbox 315 3719 336 3740; x_wconf 88' lang='lat'>.,</span> <span class='ocrx_word' id='word_1_210' title='bbox 350 3701 398 3748; x_wconf 89' lang='lat' dir='ltr'>qno</span> <span class='ocrx_word' id='word_1_211' title='bbox 406 3698 476 3751; x_wconf 71' lang='lat' dir='ltr'>gesta</span> <span class='ocrx_word' id='word_1_212' title='bbox 487 3701 564 3737; x_wconf 81' lang='lat' dir='ltr'>erant.</span> <span class='ocrx_word' id='word_1_213' title='bbox 751 3703 854 3751; x_wconf 76' lang='lat' dir='ltr'>querum</span> <span class='ocrx_word' id='word_1_214' title='bbox 866 3685 973 3737; x_wconf 74' lang='lat' dir='ltr'>mdesnd</span> <span class='ocrx_word' id='word_1_215' title='bbox 980 3688 1098 3735; x_wconf 78' lang='lat' dir='ltr'>orientem</span> <span class='ocrx_word' id='word_1_216' title='bbox 1109 3703 1184 3735; x_wconf 79' lang='lat' dir='ltr'>remae</span> <span class='ocrx_word' id='word_1_217' title='bbox 1193 3698 1262 3747; x_wconf 83' lang='lat' dir='ltr'>suut,</span> 
     </span>
    </p>

    <p class='ocr_par' dir='ltr' id='par_1_5' title="bbox 155 3761 1332 4385">
     <span class='ocr_line' id='line_1_29' title="bbox 233 3761 1260 3832; baseline 0.004 -23"><span class='ocrx_word' id='word_1_218' title='bbox 233 3761 293 3809; x_wconf 75' lang='lat' dir='ltr'>Cn.</span> <span class='ocrx_word' id='word_1_219' title='bbox 308 3764 346 3812; x_wconf 85' lang='lat' dir='ltr'>LI.</span> <span class='ocrx_word' id='word_1_220' title='bbox 364 3780 385 3814; x_wconf 88' lang='lat'>1.</span> <span class='ocrx_word' id='word_1_221' title='bbox 411 3766 518 3815; x_wconf 80' lang='lat' dir='ltr'>Crimina</span> <span class='ocrx_word' id='word_1_222' title='bbox 539 3769 707 3830; x_wconf 60' lang='grc' dir='ltr'>ᾇγναοωωιο-</span> <span class='ocrx_word' id='word_1_223' title='bbox 752 3777 778 3813; x_wconf 89' lang='lat' dir='ltr'>ut</span> <span class='ocrx_word' id='word_1_224' title='bbox 796 3766 864 3830; x_wconf 79' lang='lat' dir='ltr'>apud</span> <span class='ocrx_word' id='word_1_225' title='bbox 884 3765 946 3822; x_wconf 74' lang='lat' dir='ltr'>Piiu.</span> <span class='ocrx_word' id='word_1_226' title='bbox 969 3769 1009 3832; x_wconf 85' lang='lat'>11,</span> <span class='ocrx_word' id='word_1_227' title='bbox 1033 3768 1096 3828; x_wconf 80' lang='lat'>108,</span> <span class='ocrx_word' id='word_1_228' title='bbox 1113 3777 1138 3814; x_wconf 84' lang='lat' dir='ltr'>et</span> <span class='ocrx_word' id='word_1_229' title='bbox 1148 3768 1209 3825; x_wconf 82' lang='lat' dir='ltr'>vu,</span> <span class='ocrx_word' id='word_1_230' title='bbox 1229 3783 1260 3823; x_wconf 80' lang='lat' dir='ltr'>u,</span> 
     </span>
     <span class='ocr_line' id='line_1_30' title="bbox 199 3840 1262 3909; baseline 0.006 -23"><span class='ocrx_word' id='word_1_231' title='bbox 199 3856 252 3886; x_wconf 86' lang='lat' dir='ltr'>rum</span> <span class='ocrx_word' id='word_1_232' title='bbox 266 3840 420 3897; x_wconf 79' lang='lat' dir='ltr'>hibernorum</span> <span class='ocrx_word' id='word_1_233' title='bbox 436 3857 461 3894; x_wconf 76' lang='lat' dir='ltr'>ee</span> <span class='ocrx_word' id='word_1_234' title='bbox 472 3847 650 3896; x_wconf 82' lang='lat' dir='ltr'>Pleminianum</span> <span class='ocrx_word' id='word_1_235' title='bbox 668 3858 707 3894; x_wconf 78' lang='lat' dir='ltr'>tu·</span> <span class='ocrx_word' id='word_1_236' title='bbox 748 3856 832 3909; x_wconf 76' lang='lat' dir='ltr'>gentes</span> <span class='ocrx_word' id='word_1_237' title='bbox 842 3844 879 3893; x_wconf 81' lang='lat' dir='ltr'>ud</span> <span class='ocrx_word' id='word_1_238' title='bbox 889 3845 1005 3893; x_wconf 82' lang='lat' dir='ltr'>orientem</span> <span class='ocrx_word' id='word_1_239' title='bbox 1022 3860 1113 3902; x_wconf 62' lang='lat' dir='ltr'>versem</span> <span class='ocrx_word' id='word_1_240' title='bbox 1126 3844 1190 3894; x_wconf 81' lang='lat' dir='ltr'>Duk.</span> <span class='ocrx_word' id='word_1_241' title='bbox 1204 3849 1262 3892; x_wconf 82' lang='lat' dir='ltr'>Ver·</span> 
     </span>
     <span class='ocr_line' id='line_1_31' title="bbox 155 3918 1261 3995; baseline 0.006 -30"><span class='ocrx_word' id='word_1_242' title='bbox 155 3926 157 3931; x_wconf 85' lang='grc'><em>“</em></span> <span class='ocrx_word' id='word_1_243' title='bbox 199 3918 706 3989; x_wconf 71' lang='lat' dir='ltr'>muitum(videedX111,6mq.19</span> <span class='ocrx_word' id='word_1_244' title='bbox 750 3941 790 3973; x_wconf 79' lang='lat' dir='ltr'>sus</span> <span class='ocrx_word' id='word_1_245' title='bbox 809 3925 882 3974; x_wconf 77' lang='lat' dir='ltr'>meite</span> <span class='ocrx_word' id='word_1_246' title='bbox 895 3926 1005 3990; x_wconf 79' lang='lat' dir='ltr'>reposuit</span> <span class='ocrx_word' id='word_1_247' title='bbox 1017 3926 1095 3974; x_wconf 84' lang='lat' dir='ltr'>Grou.</span> <span class='ocrx_word' id='word_1_248' title='bbox 1112 3935 1154 3972; x_wconf 78' lang='lat' dir='ltr'>aut</span> <span class='ocrx_word' id='word_1_249' title='bbox 1167 3942 1211 3989; x_wconf 89' lang='lat' dir='ltr'>per</span> <span class='ocrx_word' id='word_1_250' title='bbox 1221 3942 1261 3995; x_wconf 65' lang='lat' dir='ltr'>er·</span> 
     </span>
     <span class='ocr_line' id='line_1_32' title="bbox 197 3996 1332 4070; baseline 0.005 -24"><span class='ocrx_word' id='word_1_251' title='bbox 197 3997 341 4065; x_wconf 78' lang='lat' dir='ltr'>eq.)qnum</span> <span class='ocrx_word' id='word_1_252' title='bbox 356 4003 393 4052; x_wconf 83' lang='lat' dir='ltr'>ad</span> <span class='ocrx_word' id='word_1_253' title='bbox 406 4003 483 4070; x_wconf 75' lang='lat' dir='ltr'>fidem</span> <span class='ocrx_word' id='word_1_254' title='bbox 489 4004 647 4067; x_wconf 68' lang='lat' dir='ltr'>prurientium</span> <span class='ocrx_word' id='word_1_255' title='bbox 659 4003 706 4050; x_wconf 89' lang='lat' dir='ltr'>cri·</span> <span class='ocrx_word' id='word_1_256' title='bbox 750 4021 830 4052; x_wconf 85' lang='lat' dir='ltr'>rorem</span> <span class='ocrx_word' id='word_1_257' title='bbox 854 4004 1034 4070; x_wconf 78' lang='lat' dir='ltr'>typogmphus,</span> <span class='ocrx_word' id='word_1_258' title='bbox 1058 4005 1100 4052; x_wconf 76' lang='lat' dir='ltr'>sed</span> <span class='ocrx_word' id='word_1_259' title='bbox 1122 4004 1205 4052; x_wconf 74' lang='lat' dir='ltr'>forsan</span> <span class='ocrx_word' id='word_1_260' title='bbox 1225 4022 1260 4052; x_wconf 85' lang='lat' dir='ltr'>re·</span> <span class='ocrx_word' id='word_1_261' title='bbox 1330 3996 1332 4000; x_wconf 45' lang='lat'>¹</span> 
     </span>
     <span class='ocr_line' id='line_1_33' title="bbox 198 4076 1260 4147; baseline 0.008 -23"><span class='ocrx_word' id='word_1_262' title='bbox 198 4076 288 4127; x_wconf 90' lang='lat' dir='ltr'>minum</span> <span class='ocrx_word' id='word_1_263' title='bbox 301 4083 450 4139; x_wconf 71' lang='lat' dir='ltr'>retule&#39;ssen23</span> <span class='ocrx_word' id='word_1_264' title='bbox 469 4083 526 4130; x_wconf 84' lang='lat' dir='ltr'>vide</span> <span class='ocrx_word' id='word_1_265' title='bbox 539 4082 571 4130; x_wconf 76' lang='lat' dir='ltr'>ad</span> <span class='ocrx_word' id='word_1_266' title='bbox 587 4085 641 4140; x_wconf 87' lang='lat'>111,</span> <span class='ocrx_word' id='word_1_267' title='bbox 660 4098 706 4144; x_wconf 79' lang='lat'>¹9,</span> <span class='ocrx_word' id='word_1_268' title='bbox 750 4084 821 4132; x_wconf 85' lang='lat' dir='ltr'>etius.</span> <span class='ocrx_word' id='word_1_269' title='bbox 837 4088 923 4131; x_wconf 86' lang='lat' dir='ltr'>Versus</span> <span class='ocrx_word' id='word_1_270' title='bbox 939 4083 976 4131; x_wconf 81' lang='lat' dir='ltr'>ud</span> <span class='ocrx_word' id='word_1_271' title='bbox 986 4094 1011 4131; x_wconf 79' lang='lat' dir='ltr'>et</span> <span class='ocrx_word' id='word_1_272' title='bbox 1032 4083 1057 4131; x_wconf 87' lang='lat' dir='ltr'>in</span> <span class='ocrx_word' id='word_1_273' title='bbox 1076 4100 1128 4132; x_wconf 90' lang='lat' dir='ltr'>nou</span> <span class='ocrx_word' id='word_1_274' title='bbox 1145 4084 1260 4147; x_wconf 86' lang='lat' dir='ltr'>quidem,</span> 
     </span>
     <span class='ocr_line' id='line_1_34' title="bbox 198 4162 1261 4229; baseline 0.002 -19"><span class='ocrx_word' id='word_1_275' title='bbox 198 4163 707 4222; x_wconf 68' lang='lat' dir='ltr'>n.7;xx1‚13,m,etxxvl,n,</span> <span class='ocrx_word' id='word_1_276' title='bbox 750 4162 1261 4229; x_wconf 74' lang='lat' dir='ltr'>quodeciam,1.irius(uieisorte1,18,</span> 
     </span>
     <span class='ocr_line' id='line_1_35' title="bbox 198 4240 1260 4308; baseline 0.006 -23"><span class='ocrx_word' id='word_1_277' title='bbox 198 4253 223 4286; x_wconf 79' lang='lat' dir='ltr'>m</span> <span class='ocrx_word' id='word_1_278' title='bbox 234 4255 258 4288; x_wconf 79' lang='lat' dir='ltr'>u.</span> <span class='ocrx_word' id='word_1_279' title='bbox 273 4268 309 4278; x_wconf 88' lang='lat'><em>-</em></span> <span class='ocrx_word' id='word_1_280' title='bbox 321 4242 409 4289; x_wconf 80' lang='lat' dir='ltr'>Filium</span> <span class='ocrx_word' id='word_1_281' title='bbox 421 4252 531 4305; x_wconf 80' lang='lat' dir='ltr'>caprum,</span> <span class='ocrx_word' id='word_1_282' title='bbox 545 4254 591 4291; x_wconf 80' lang='lat' dir='ltr'>ete.</span> <span class='ocrx_word' id='word_1_283' title='bbox 605 4243 661 4290; x_wconf 85' lang='lat' dir='ltr'>vide</span> <span class='ocrx_word' id='word_1_284' title='bbox 674 4240 705 4289; x_wconf 80' lang='lat' dir='ltr'>ad</span> <span class='ocrx_word' id='word_1_285' title='bbox 750 4258 775 4290; x_wconf 91' lang='lat' dir='ltr'>u.</span> <span class='ocrx_word' id='word_1_286' title='bbox 788 4258 800 4303; x_wconf 82' lang='lat'><strong>7</strong></span> <span class='ocrx_word' id='word_1_287' title='bbox 814 4242 964 4308; x_wconf 77' lang='lat' dir='ltr'>),sedeoepe</span> <span class='ocrx_word' id='word_1_288' title='bbox 974 4244 1060 4292; x_wconf 82' lang='lat' dir='ltr'>Cicero</span> <span class='ocrx_word' id='word_1_289' title='bbox 1070 4243 1161 4306; x_wconf 72' lang='lat' dir='ltr'>aliique</span> <span class='ocrx_word' id='word_1_290' title='bbox 1170 4243 1260 4291; x_wconf 78' lang='lat' dir='ltr'>dixere.</span> 
     </span>
     <span class='ocr_line' id='line_1_36' title="bbox 199 4319 1261 4385; baseline 0.002 -20"><span class='ocrx_word' id='word_1_291' title='bbox 199 4319 337 4378; x_wconf 80' lang='lat' dir='ltr'>xxxvn,</span> <span class='ocrx_word' id='word_1_292' title='bbox 356 4321 389 4376; x_wconf 73' lang='lat'>34</span> <span class='ocrx_word' id='word_1_293' title='bbox 407 4336 443 4384; x_wconf 76' lang='lat' dir='ltr'>sq.</span> <span class='ocrx_word' id='word_1_294' title='bbox 457 4346 493 4359; x_wconf 82' lang='lat'>-·</span> <span class='ocrx_word' id='word_1_295' title='bbox 507 4321 614 4375; x_wconf 74' lang='lat' dir='ltr'>Gallice,</span> <span class='ocrx_word' id='word_1_296' title='bbox 633 4338 706 4385; x_wconf 79' lang='lat' dir='ltr'>quum</span> <span class='ocrx_word' id='word_1_297' title='bbox 750 4350 785 4360; x_wconf 90' lang='lat'>-</span> <span class='ocrx_word' id='word_1_298' title='bbox 800 4321 911 4385; x_wconf 77' lang='lat' dir='ltr'>Infamia</span> <span class='ocrx_word' id='word_1_299' title='bbox 934 4321 1065 4378; x_wconf 78' lang='lat' dir='ltr'>intactum,</span> <span class='ocrx_word' id='word_1_300' title='bbox 1083 4321 1190 4378; x_wconf 82' lang='lat' dir='ltr'>invidia,</span> <span class='ocrx_word' id='word_1_301' title='bbox 1211 4336 1261 4384; x_wconf 81' lang='lat' dir='ltr'>qua</span> 
     </span>
    </p>
   </div>
   <div class='ocr_carea' id='block_1_3' title="bbox 198 4397 1262 4465">
    <p class='ocr_par' dir='ltr' id='par_1_6' title="bbox 198 4397 1262 4465">
     <span class='ocr_line' id='line_1_37' title="bbox 198 4397 1262 4465; baseline 0.002 -22"><span class='ocrx_word' id='word_1_302' title='bbox 198 4398 224 4444; x_wconf 90' lang='lat' dir='ltr'>P.</span> <span class='ocrx_word' id='word_1_303' title='bbox 235 4397 363 4446; x_wconf 73' lang='lat' dir='ltr'>Africanus</span> <span class='ocrx_word' id='word_1_304' title='bbox 372 4400 396 4445; x_wconf 84' lang='lat'>11</span> <span class='ocrx_word' id='word_1_305' title='bbox 405 4399 490 4447; x_wconf 87' lang='lat' dir='ltr'>consul</span> <span class='ocrx_word' id='word_1_306' title='bbox 503 4400 655 4463; x_wconf 72' lang='lat' dir='ltr'>provinciam</span> <span class='ocrx_word' id='word_1_307' title='bbox 667 4401 706 4449; x_wconf 73' lang='lat' dir='ltr'>ha·</span> <span class='ocrx_word' id='word_1_308' title='bbox 747 4412 865 4464; x_wconf 76' lang='lat' dir='ltr'>possunt,</span> <span class='ocrx_word' id='word_1_309' title='bbox 886 4412 988 4465; x_wconf 75' lang='lat' dir='ltr'>urgent,·</span> <span class='ocrx_word' id='word_1_310' title='bbox 1001 4417 1076 4465; x_wconf 86' lang='lat' dir='ltr'>quum</span> <span class='ocrx_word' id='word_1_311' title='bbox 1085 4401 1111 4448; x_wconf 89' lang='lat' dir='ltr'>iu</span> <span class='ocrx_word' id='word_1_312' title='bbox 1123 4399 1189 4448; x_wconf 83' lang='lat' dir='ltr'>bello</span> <span class='ocrx_word' id='word_1_313' title='bbox 1201 4400 1262 4447; x_wconf 82' lang='lat' dir='ltr'>ciris</span> 
     </span>
    </p>
   </div>
   <div class='ocr_carea' id='block_1_4' title="bbox 0 0 1366 5040">
    <p class='ocr_par' dir='ltr' id='par_1_7' title="bbox 0 0 1366 5040">
     <span class='ocr_line' id='line_1_38' title="bbox 0 0 1366 5040; baseline 0 0"><span class='ocrx_word' id='word_1_314' title='bbox 0 0 1366 5040; x_wconf 95' lang='lat' dir='ltr'> </span> 
     </span>
    </p>
   </div>
  </div>
 </body>
</html>
