2722 5040
950 456 958 471 l

169 825 292 938 &32:232
429 845 581 913 mauu
610 843 686 909 xL.
716 842 821 910 can.
849 843 912 909 ru.
1133 841 1203 927 445

143 1000 160 1032 α
172 971 209 1038 Τ.
226 966 369 1056 Quintii
383 961 517 1051 credis,
539 960 689 1059 quibus,
704 975 738 1031 et
753 961 847 1033 bene
861 976 896 1033 te
911 964 1134 1036 consuluisse
1148 990 1206 1037 re-

143 1077 241 1149 «bus
259 1079 350 1163 tuis,
369 1077 437 1161 ait,
458 1073 557 1171 quod
578 1074 804 1144 Demetrium
822 1078 973 1144 Romam
992 1076 1150 1164 miseris,
1171 1091 1207 1146 et

144 1186 359 1272 «hortatur,
379 1199 421 1255 ut
443 1185 573 1255 iterum
593 1198 628 1255 et
649 1207 732 1254 cum
750 1182 914 1280 pluribus
932 1184 1054 1281 legatis
1077 1201 1113 1257 et
1135 1188 1208 1284 pri-

145 1295 337 1367 smoribus
364 1293 603 1366 Macedonum
629 1294 790 1363 remittas
814 1318 896 1364 eum
912 1294 948 1363 ¹?
975 1299 1013 1363 T.
1034 1296 1206 1384 Quintius

145 1431 273 1476 «nunc
287 1419 341 1476 est
354 1418 481 1475 auctor
494 1405 659 1474 omnium
673 1427 794 1473 rerum
806 1404 863 1473 isti
877 1418 912 1474 et
926 1405 1110 1500 magister3
1123 1432 1205 1476 eum

145 1515 263 1602 «sibi,
288 1530 323 1586 te
342 1514 506 1586 abdicato
525 1528 647 1612 patre,
670 1513 847 1584 inlocum
874 1527 978 1584 tuum
1003 1514 1207 1598 substituit;

145 1627 243 1697 «illic
256 1641 340 1696 ante
359 1626 480 1696 omnia
497 1624 718 1695 clandestina
734 1640 907 1695 concocta
922 1636 1030 1696 sunt²
1046 1627 1204 1698 consilia.

145 1736 396 1827 «Quaeruntur
420 1735 601 1832 adjutores
622 1733 801 1819 consiliis,
825 1757 938 1830 quum
967 1750 1001 1805 te
1026 1736 1148 1832 plures
1172 1753 1208 1807 et

144 1847 353 1944 «principes
371 1846 611 1917 Macedonum
637 1868 720 1914 cum
744 1845 813 1914 isto
836 1845 979 1914 mittere
996 1844 1111 1938 jubet.
1137 1848 1209 1936 Qui

145 1985 162 2020 a
175 1955 260 2027 hinc
282 1958 413 2055 integri
432 1971 467 2028 et
486 1956 615 2028 sinceri
633 1960 784 2026 Romam
805 1969 912 2040 eunt,
931 1953 1135 2054 Philippum
1154 1984 1210 2030 re·

145 2095 162 2130 s
174 2092 257 2164 gem
274 2093 313 2138 se
328 2066 461 2139 habere
476 2066 680 2152 credentes,
698 2065 828 2135 imbuti
843 2064 942 2136 illinc
958 2081 994 2136 et
1011 2065 1135 2137 inlecti
1148 2093 1208 2138 ro-

147 2180 292 2250 «manis
320 2179 573 2251 delenimentis
593 2178 749 2249 redeunt
760 2173 784 2245 ³.
817 2178 1022 2246 Demetrius
1043 2177 1086 2246 iis
1115 2202 1209 2248 unus

146 2289 297 2358 «omnia
320 2304 396 2359 est:
415 2314 499 2360 eum
515 2290 589 2384 jam
611 2312 754 2385 regem,
774 2287 855 2356 vivo
872 2300 993 2383 patre,
1015 2285 1207 2384 appellant.

147 2426 164 2460 a
178 2401 258 2468 Haec
271 2400 300 2468 si
315 2398 502 2496 indignor,
520 2398 740 2482 audiendum
758 2410 811 2468 est
827 2398 967 2483 statim,
984 2421 1058 2466 non
1074 2396 1119 2467 ab
1134 2398 1210 2468 aliis
1260 2486 1265 2506 1

147 2506 313 2595 «solum,
333 2506 395 2578 sed
415 2510 520 2579 etiam
540 2533 558 2579 a
578 2524 636 2592 te,
658 2523 780 2605 pater,
799 2506 1002 2604 cupiditatis
1022 2509 1123 2605 regni
1145 2512 1211 2580 cri·

148 2645 164 2678 α
177 2640 271 2686 men.
291 2621 366 2714 Ego
382 2643 489 2705 ver0,
507 2621 534 2689 si
552 2620 590 2688 in
609 2617 730 2689 medio
747 2619 931 2715 poniturt,
951 2644 1025 2689 non
1042 2645 1209 2716 agnosco.

148 2728 296 2815 «Quem
316 2729 410 2798 cnim
432 2754 498 2799 suo
519 2729 600 2799 loco
621 2753 768 2817 moveo,
790 2742 831 2797 ut
846 2731 922 2825 ipse
939 2728 976 2798 in
994 2729 1072 2823 ejus
1090 2731 1210 2801 locum

149 2837 390 2908 «succedunt
414 2844 514 2910 Unus
535 2853 618 2909 ante
638 2862 695 2908 me
712 2853 816 2934 pater
834 2851 907 2920 est,
930 2852 985 2925 et,
1005 2854 1046 2910 ut
1064 2840 1126 2911 diu
1143 2843 1211 2922 sit.

148 2945 266 3018 «deos
293 2974 394 3046 rogo.
417 2954 604 3046 Superstes
626 2938 692 3044 (et
716 2950 764 3017 ita
790 2949 877 3033 sim,
903 2948 932 3019 si
958 2947 1145 3036 merebor,
1172 2967 1213 3022 ut

183 3161 242 3209 ci».
255 3164 301 3210 11.
319 3177 340 3208 t.
365 3163 424 3210 Cum
441 3164 553 3226 pluribus
572 3163 659 3229 legatis
702 3162 759 3209 vivo
770 3173 794 3208 et
804 3161 912 3225 spirante
921 3177 959 3207 me
967 3160 1124 3208 hereditatem
1134 3179 1213 3210 meam

149 3249 173 3286 et
184 3239 215 3286 iis
226 3240 324 3303 quidem
336 3242 484 3305 primoribus
499 3245 531 3291 Μ.
550 3243 659 3289 remittas
703 3242 774 3288 ambo
787 3253 812 3287 et
819 3258 861 3304 spe
869 3252 893 3287 et
903 3239 1036 3303 cupiditate
1045 3240 1156 3304 improba
1165 3260 1215 3290 cre·

149 3333 216 3375 eum,
231 3330 258 3366 ut
271 3335 329 3367 mox
342 3321 423 3384 plures
435 3333 458 3369 et
464 3322 588 3386 principes
604 3324 657 3368 Ma·
703 3321 785 3375 vistis,·
809 3320 882 3367 Dral.
904 3321 935 3364 ln
957 3318 1036 3365 medio
1052 3320 1160 3382 positum
1179 3335 1215 3370 est

149 3396 282 3455 cadonum,
301 3398 348 3445 uisi
360 3399 407 3463 leg.
421 3417 453 3447 ex
461 3400 609 3464 primoribus
623 3403 657 3450 M.
702 3398 743 3456 id,
754 3398 820 3461 quod
828 3409 1011 3445 controversum
1018 3408 1054 3445 est
1063 3409 1087 3445 et
1098 3398 1213 3460 dubium

149 3491 170 3523 r.
180 3490 201 3523 e.
212 3476 273 3524 vele
284 3477 341 3526 cod.
356 3479 470 3543 Mogunt.
485 3495 538 3526 eum
551 3479 659 3526 remittas
703 3477 810 3525 Turneb.
823 3477 926 3524 Adsere.
944 3478 1035 3535 m,
1048 3485 1090 3532 at.
1101 3500 1113 3519 α
1122 3481 1153 3524 In
1164 3496 1214 3528 me-

152 3553 311 3602 Macedonum
317 3574 327 3613 ;
347 3558 422 3606 Druk.
443 3584 477 3593 -
502 3560 528 3606 T.
549 3558 660 3619 Quintius
703 3555 863 3620 dioponitur,
875 3555 893 3604 i.
905 3572 926 3604 e.
941 3556 993 3603 eine
1009 3557 1119 3614 nomine,
1133 3574 1178 3605 nee
1188 3560 1214 3607 in

148 3647 214 3678 nnnc
233 3646 268 3680 est
285 3647 372 3682 arcator
387 3636 494 3684 omnium
508 3653 590 3683 rerum.
604 3635 658 3692 isti,
705 3651 754 3693 me,
764 3651 809 3683 nec
820 3635 845 3681 in
854 3635 952 3681 fratrem
960 3635 1095 3698 (confertur
1102 3639 1213 3702 regnum)

149 3722 197 3760 etc.
211 3714 277 3760 conl.
291 3715 378 3778 Polyb.
393 3717 489 3775 mv,
509 3717 538 3773 3,
556 3731 568 3774 7
584 3732 622 3778 sq.
705 3714 773 3777 qnasi
791 3730 841 3771 res,
853 3713 923 3772 cujus
941 3714 1054 3761 domiuus
1073 3715 1215 3778 ignoretur,

185 3806 209 3837 2.
225 3791 347 3840 concocta
361 3806 418 3842 sunt
427 3794 547 3849 consilia;
561 3793 617 3841 vide
629 3794 660 3840 ad
705 3793 817 3848 omnino,
832 3792 960 3850 universe,
973 3791 1084 3851 infinite,
1099 3796 1216 3860 simplici-

150 3870 200 3927 111,
211 3871 259 3928 36,
270 3887 294 3917 n.
312 3872 336 3920 3.
705 3882 755 3928 ter;
769 3870 808 3919 vel
822 3871 891 3933 qussi
904 3871 986 3918 dicet:
1000 3872 1020 3918 si
1036 3874 1138 3922 omnino
1149 3894 1215 3940 quae·

187 3950 211 3996 3.
222 3950 314 3997 Imbuti
329 3950 408 4007 illinc,
425 3953 519 4009 Rome,
539 3964 563 3998 et
579 3951 663 4012 infecti
705 3961 782 3998 retur:
792 3949 858 4014 quis,
870 3960 926 3997 uter
934 3962 1040 3999 vestrum
1049 3987 1056 4010 ‚
1065 3964 1102 4000 est
1112 3957 1216 4020 cupidus

150 4029 259 4075 romanis
276 4029 442 4078 delenimentis
468 4030 586 4088 redeunt,·
606 4029 662 4078 vide
705 4030 789 4094 περὶ,
800 4028 852 4087 vel,
861 4041 897 4077 est
907 4030 997 4094 aliquis
1004 4066 1012 4088 ,
1024 4032 1085 4080 alter
1096 4046 1216 4094 vestrum,

151 4107 181 4153 ud
192 4110 236 4165 lv,
247 4109 276 4154 51
286 4142 294 4167 ‚
307 4126 331 4156 n.
342 4125 372 4167 a,
385 4121 410 4157 et
422 4112 476 4169 lx,
490 4111 534 4168 16,
545 4127 570 4157 n.
585 4125 662 4158 ro.-
706 4109 811 4173 cupidus
821 4110 902 4172 τομὴ
916 4126 965 4157 non
975 4126 1095 4175 agnosco,
1106 4129 1157 4161 non
1166 4133 1217 4162 sen·

152 4186 286 4251 Indignam·
301 4189 357 4236 side
369 4190 400 4236 sd
413 4191 463 4246 ΙΙΙ,
473 4191 503 4248 3,
517 4206 541 4237 n.
558 4205 580 4235 1.
707 4190 759 4248 tio,
772 4207 824 4238 nou
833 4192 905 4239 lateri
919 4207 1011 4255 cogor,
1021 4208 1059 4240 me
1068 4210 1120 4241 esse
1132 4195 1217 4253 illum;

188 4274 212 4321 4.
223 4269 252 4313 In
266 4267 346 4314 medio
354 4267 473 4331 ponitur,
488 4280 516 4316 ut
530 4267 596 4331 apud
605 4263 662 4315 Seu.
707 4280 810 4334 paeneut
823 4270 889 4334 apud
897 4272 960 4319 lior.
972 4273 1017 4335 Ep.
1027 4273 1052 4326 Ι,
1067 4274 1112 4330 16,
1123 4273 1165 4330 3ο,
1175 4275 1217 4331 3ι,

152 4343 253 4408 Thyest.
265 4348 330 4403 203,
342 4347 367 4392 in
380 4346 459 4394 medio
472 4359 507 4394 est
517 4347 663 4410 saelasposi·
709 4349 789 4410 Quum
803 4349 898 4413 pateris
914 4349 1011 4413 sapiens
1030 4352 1219 4416 emendatusque

153 4434 204 4470 tum
212 4425 344 4489 occupanti
352 4442 361 4472 :
371 4425 427 4472 ideo
440 4425 518 4485 dixit,
529 4425 585 4488 quis
595 4437 664 4490 pater
707 4428 797 4475 uocari
800 4463 808 4484 ,
817 4429 984 4492 Respondesne
993 4441 1034 4476 tuo
1043 4430 1159 4477 nomine?
1166 4431 1184 4476 i.
1196 4448 1218 4479 e.

154 4511 282 4566 utrumque
306 4502 384 4551 lilium
406 4503 477 4564 hujus
496 4504 605 4552 criminis
624 4521 664 4553 su·
708 4507 864 4571 agnoscisne,
883 4518 908 4555 te
927 4523 978 4554 esse
999 4508 1115 4556 talem?-
1135 4510 1220 4560 Bauer.

155 4591 264 4641 matum
273 4580 392 4630 habebut:
403 4581 496 4631 dixerut
512 4583 579 4632 euim
594 4599 616 4632 c.
632 4585 664 4644 8,
709 4583 1005 4644 eont.a‹1vt,o‚n.2.
