2722 5040
163 57 250 107 nem
273 37 487 124 distinebat,
510 37 634 133 quod,
656 51 779 105 utrum

163 149 415 216 emitterentur
437 150 543 243 regii,
567 172 692 242 purum
717 171 806 216 conv

163 256 230 325 bns
259 281 372 351 quum
399 257 647 326 intervenisset
673 257 809 325 nuntiu:

164 367 292 439 emissa
310 364 355 437 de
376 365 542 439 manibus
561 391 618 437 res
638 382 699 437 est.
725 371 811 437 Meu

166 499 332 546 successu
349 488 457 546 tantae
472 478 525 547 rei
546 476 660 547 elatus
674 487 684 517 ¹
709 474 814 572 Polyi

165 583 211 655 ad
225 588 340 665 Canas
350 599 444 674 erat,
459 587 702 684 opprimeret,
713 583 816 682 Abyd

165 720 237 791 que
261 695 486 794 Hellesponti
512 695 694 794 extemplo
719 694 819 773 relict

164 803 282 883 ductae
295 806 401 877 Canis
415 819 535 891 erant,
553 803 713 877 deduxit.
727 809 773 879 Et
784 809 821 876 Et

166 914 285 984 Livius
301 915 401 984 omni
418 914 546 1003 classe,
567 917 626 986 cui
643 913 824 1012 adjunxer.

167 1022 353 1119 tylenaeas,
376 1023 559 1095 Phocaeam
579 1025 680 1123 petit.
702 1027 820 1115 Quam

165 1134 266 1228 regio
294 1132 461 1228 praesidio
488 1131 668 1222 audisset,
699 1159 766 1206 nec
796 1159 829 1233 pt

167 1265 263 1328 esse3
278 1240 520 1340 depopulatus
533 1245 748 1321 maritimam
760 1269 831 1317 orat

166 1351 355 1423 hominum
373 1355 506 1450 raptim
526 1355 563 1423 in
582 1378 690 1425 naves
709 1357 834 1454 imposi

166 1461 254 1534 dum
274 1468 455 1535 Eumenes
476 1488 560 1534 cum
580 1464 690 1535 classe
706 1489 835 1562 assequ

167 1587 243 1644 tere
262 1571 429 1644 intendit.
451 1573 601 1645 Rhodiis
624 1572 838 1672 primoaud1

168 1709 313 1772 vorem,
340 1684 447 1765 simul
473 1683 611 1765 luctum
633 1686 817 1784 ingentem

167 1796 313 1867 navium
327 1795 555 1893 militumque
571 1797 767 1890 jacturam,
789 1820 839 1893 qu

168 1906 268 1978 boris
282 1908 318 1977 in
331 1907 522 2003 juventute
534 1904 668 1991 suerat,
682 1907 839 1977 amiserat

167 2017 330 2113 sequutis
354 2018 449 2088 inter
470 2029 596 2088 caetera
623 2016 839 2088 auctoritate}

168 2240 225 2288 vide
237 2240 268 2289 nd
279 2242 330 2299 ΙΙΙ,
343 2242 377 2288 63
388 2257 430 2299 ‚m
445 2257 470 2287 π.
484 2267 516 2276 -
528 2240 599 2303 Cyme
608 2238 676 2287 atiae-
720 2240 832 2290 harant.

168 2320 216 2383 que
226 2318 332 2385 ejusdem
340 2335 398 2367 oroe.
412 2318 504 2367 Multos
515 2318 619 2366 edidisse
632 2317 677 2381 Cy-
719 2318 816 2379 scribit,
835 2337 839 2386 1

167 2413 228 2452 Mu
241 2397 315 2448 CVM
328 2408 370 2442 w!
381 2397 449 2438 Cir-n
459 2409 541 2432 mmm·
552 2397 615 2423 Νι
634 2397 657 2415 ““
726 2397 743 2408 ”
