2722 5040
167 836 295 951 3:333?ss
383 825 984 927 lassant‘csraxvnt.
1128 857 1198 953 475

140 985 262 1055 erant,
281 968 448 1039 calonum
475 994 622 1065 quoque
650 987 687 1042 et
713 970 885 1053 lixarum,
909 969 1070 1056 sublato,
1095 971 1201 1040 simul

141 1078 310 1151 omnihus
323 1081 437 1177 portis
448 1083 600 1151 Romani
613 1095 820 1178 eruperunt.
836 1079 1026 1177 Liguribus
1037 1079 1127 1150 adeo
1141 1081 1202 1148 im·

142 1191 284 1287 provisa
301 1188 457 1276 resistit,
476 1207 517 1262 ut
530 1190 700 1289 perinde,
715 1214 756 1262 ac
774 1192 802 1262 si
820 1187 955 1276 insidiis
969 1191 1203 1262 circumventi

142 1298 279 1387 forent,
300 1300 530 1398 trepidarent.
553 1303 732 1398 Exiguum
753 1302 926 1399 temporis
947 1300 1065 1397 aliqua
1086 1298 1201 1370 forma

141 1435 270 1509 pugnae
287 1408 365 1482 fuit.
384 1417 480 1508 Fuga
497 1410 627 1482 deinde
642 1409 754 1482 effusa
767 1465 777 1494 ‚
792 1427 829 1481 et
843 1409 1056 1509 fugientium
1070 1410 1201 1508 passim

141 1521 254 1592 cades
279 1537 363 1592 erat.
390 1521 581 1619 Equitibus
606 1521 690 1593 dato
715 1524 837 1619 signo,
861 1538 902 1595 ut
921 1522 1204 1595 conscenderent

141 1654 278 1727 equos,
302 1654 368 1701 nec
393 1629 552 1729 effugere
578 1656 798 1729 quemquam
823 1634 1000 1719 sinerent,
1027 1636 1064 1703 in
1091 1646 1203 1703 castra

142 1764 268 1812 omnes
291 1739 431 1839 trepida
454 1741 538 1839 fuga
562 1742 739 1841 compulsi
761 1759 865 1831 sunt;
885 1743 1016 1816 deinde
1037 1748 1123 1844 ipsis
1141 1770 1202 1816 ex·

141 1853 211 1924 suti
231 1853 365 1924 castris.
393 1857 507 1952 Supra
531 1853 736 1951 quindecim
758 1855 868 1926 millia
890 1859 1062 1954 Ligurum
1083 1882 1128 1927 eo
1146 1855 1204 1927 die
1249 1840 1254 1857 ⁵

141 1965 277 2049 occisa,
306 1979 409 2061 capta
433 1964 507 2035 duo
525 1965 635 2036 millia
660 1982 696 2036 et
717 1966 939 2063 quingenti².
964 1967 1100 2037 Triduo
1123 1982 1205 2064 post

140 2075 313 2171 Ligurum
330 2080 573 2172 Ingaunorum
593 2099 701 2146 omne
720 2099 870 2162 nomen,
888 2075 1078 2146 obsidibus
1095 2075 1203 2159 datis,

142 2186 177 2255 in
196 2182 370 2256 ditionem
386 2186 492 2257 venit.
509 2184 775 2257 Gubernatores
789 2201 978 2282 nautaeque
992 2185 1203 2282 conquisiti,

141 2297 205 2392 qui
222 2294 438 2393 praedatores
454 2294 605 2366 fuissent
624 2295 794 2379 navibus,
813 2310 921 2392 atque
939 2318 1065 2364 omnes
1083 2296 1119 2362 in
1138 2317 1203 2363 eu-

73 2480 80 2493 ,
142 2405 293 2477 stodiam
320 2406 482 2500 conjecti.
515 2410 559 2477 Et
586 2432 606 2478 a
633 2410 672 2477 C.
694 2407 852 2478 Matieno
878 2404 1069 2476 duumviro
1098 2428 1204 2474 naves

141 2516 219 2610 ejus
236 2517 379 2612 generis*
392 2516 428 2585 in
443 2517 627 2613 Ligustina
644 2541 708 2587 ora
727 2517 871 2613 triginta
887 2515 967 2586 ‹luae
982 2529 1092 2611 captae
1108 2527 1202 2584 sunt.

141 2628 224 2696 Haec
250 2627 314 2723 qui
341 2626 549 2698 nuntiarent
573 2625 763 2725 literasque
791 2626 845 2698 ad·
864 2641 1026 2700 senatum
1049 2623 1203 2706 ferrent,

143 2739 182 2806 L.
200 2737 364 2807 Aurelius
380 2742 501 2822 Cotta,
519 2741 559 2808 C.
577 2737 756 2836 Sulpicius
775 2737 899 2808 Gallus
917 2741 1067 2808 Romam
1088 2735 1204 2817 missi;

144 2848 322 2945 simulque
347 2863 529 2946 peterent,
555 2864 594 2920 ut
618 2853 657 2919 L.
678 2850 817 2920 AEmilio
837 2845 998 2919 conlecta
1023 2846 1206 2945 provincia

143 2958 316 3051 decedere
327 2955 355 3044 ³,
383 2976 420 3030 et
441 2960 619 3031 deducere
646 2985 767 3031 secum
795 2960 924 3030 milites
953 2959 1073 3030 liceret
1098 2973 1207 3053 atque

142 3068 332 3140 dimittere.
358 3074 560 3168 Utrumque
584 3072 797 3169 permissum
823 3068 869 3140 ab
892 3083 1039 3152 senatu,
1063 3082 1099 3159 et
1120 3092 1207 3163 sup·

144 3176 287 3275 plicatio
302 3179 482 3251 adomnia
498 3180 695 3278 pulvinaria
709 3205 775 3278 per
787 3177 946 3251 triduum
962 3177 1121 3259 decreta;
1133 3177 1208 3269 jus·
1309 3219 1313 3225 -

144 3287 247 3383 sique
268 3303 458 3385 praetores,
480 3279 636 3360 Petillius
655 3288 809 3361 urbanas
827 3288 1006 3359 dimittere
1026 3287 1206 3381 legiones,

144 3397 274 3469 Fabius
287 3402 391 3471 sociis
406 3416 513 3497 atque
532 3403 671 3472 nomini
688 3401 798 3471 latino
813 3400 993 3469 remittere
1009 3396 1206 3482 delectum3

145 3509 251 3580 etuti
270 3526 402 3609 praetor
426 3511 586 3582 urbanus
601 3509 810 3582 consulibus
831 3507 1022 3591 scriberet,
1045 3522 1208 3577 senatum

146 3643 289 3715 aequum
315 3644 483 3710 censere,
511 3621 702 3692 subitarios
724 3620 876 3702 milites,
905 3615 1080 3687 tumultus
1104 3639 1208 3686 causa

146 3731 367 3829 conscriptos
375 3735 402 3819 ⁴,
420 3733 538 3830 primo
556 3756 704 3829 quoque
723 3746 884 3826 tempore
904 3725 1043 3798 dimitti.

179 3978 204 4010 a.
219 3963 299 4026 &apta
315 3963 364 4009 dno
382 3962 459 4010 millia
473 3974 497 4009 et
511 3963 637 4027 quingenti
641 3980 652 4018 ;
696 3961 852 4025 sequentibus
862 3975 934 4008 naves
944 3960 995 4024 ejus
1000 3959 1209 4024 generis,quibus

145 4041 171 4089 in
184 4041 240 4090 cod.
258 4042 372 4105 Mogunt.
387 4040 454 4103 capti
469 4041 517 4088 duo
535 4041 612 4089 millia
630 4052 653 4087 et
696 4040 834 4098 indicatur,
843 4039 941 4087 navium
954 4038 1015 4088 certi
1029 4037 1154 4099 cuiusdam
1168 4055 1208 4102 ge-

120 4130 123 4135 '
145 4121 247 4169 trecenti
258 4133 322 4175 tres,
337 4120 430 4184 quoda
445 4121 520 4168 Drak.
535 4119 601 4169 haud
613 4135 652 4167 re·
697 4122 762 4169 neris
775 4121 842 4184 prius
860 4119 1008 4167 mentionem
1024 4120 1110 4166 saetam
1128 4119 1209 4165 fuisse.

144 4211 241 4265 ceptum
255 4200 327 4248 luisse
339 4199 526 4249 mireris-In
538 4199 653 4248 ditionem
734 4201 757 4248 3.
781 4199 895 4265 Confecta
918 4199 1045 4262 provincia
1074 4197 1207 4247 decedere:

144 4280 213 4327 uenit
231 4282 411 4329 Romanorum:
430 4279 575 4326 deditionem
597 4278 653 4331 alii.
698 4277 755 4327 tide
766 4278 798 4327 ad
815 4281 850 4336 11,
871 4287 918 4335 to,
934 4296 958 4325 n.
974 4294 998 4339 9.
1014 4305 1047 4314 -
1069 4277 1111 4323 Ad
1127 4276 1208 4323 omniu

146 4356 653 4423 lonertMog.prob.Crev.-Quiproe·
694 4358 851 4421 pulmarum,-
866 4358 898 4407 cl.
910 4374 965 4421 sup.
980 4375 1001 4404 c.
1019 4373 1059 4418 19,
1074 4372 1099 4402 n.
1112 4354 1136 4400 6.
1161 4356 1206 4400 En.

144 4437 242 4484 dotores
249 4437 352 4498 fuissent
365 4437 481 4490 ravidan
496 4437 560 4484 conl.
574 4453 597 4483 c.
613 4438 653 4484 18.
733 4445 756 4492 t..
766 4434 900 4485 Sutiean'os
912 4435 997 4483 milites
1008 4471 1014 4490 ,
1026 4432 1139 4480 tumultus
1148 4448 1206 4478 cart·

146 4516 176 4561 Ia
180 4514 338 4578 praedatoriis
339 4515 446 4580 fitissent
454 4515 552 4563 navibus
559 4515 653 4562 emend.
697 4532 726 4563 su
740 4516 902 4578 comcrt'peos,·
918 4513 972 4560 vide
988 4513 1059 4567 adl,
1075 4511 1106 4570 37
1117 4543 1123 4566 ,
1133 4526 1159 4557 n.
1174 4517 1207 4569 4,

146 4596 231 4651 Crem,
252 4607 275 4642 et
295 4595 393 4658 probati
417 4595 465 4642 hot·
486 4605 553 4658 putat
576 4593 655 4640 serbis
699 4595 772 4652 etll,
786 4592 868 4652 26,n.
887 4606 907 4638 r.
1020 4573 1027 4588 ’
