2722 5040
167 800 301 910 ll'lttljz
336 819 632 889 L1uxxx1x.
661 821 765 888 cnr.
793 823 922 890 xcvi.
951 821 1105 891 xnvu.
1140 822 1210 908 405

141 954 205 1010 aut
226 939 270 1010 ad
295 963 397 1036 spem
419 939 576 1011 levandae
595 943 753 1037 injuriae,
779 942 903 1013 autad
925 943 1099 1015 dellendae
1119 947 1210 1017 sola·

142 1053 250 1135 tium,
263 1065 452 1122 venerunt.
470 1056 514 1122 Et
530 1052 576 1123 ab
595 1057 755 1124 Eumene
769 1078 854 1150 rege
868 1051 1025 1150 legatio6
1046 1079 1129 1124 cum
1146 1055 1212 1126 lra-

142 1175 199 1232 tre
224 1163 301 1257 ejus
325 1161 496 1234 Atlienaeo
521 1164 619 1233 venit
642 1163 687 1233 ad
714 1163 964 1260 querendum,
985 1163 1091 1233 simul
1111 1164 1211 1261 quod

143 1296 220 1343 non
246 1270 515 1344 deducerentur
535 1299 579 1345 ex
603 1273 753 1344 Thracia
776 1272 958 1370 praesidia,
980 1275 1087 1343 simul
1110 1276 1211 1370 quod

144 1384 181 1452 in
205 1381 408 1479 Bithyniam
429 1385 561 1454 Prusiae
584 1381 720 1454 bellum
745 1384 915 1455 adversus
937 1388 1135 1455 Eumenem
1155 1411 1213 1481 ge-

142 1493 236 1564 renti
257 1493 388 1564 auxilia
408 1494 514 1564 missa
537 1493 667 1565 forent.
989 1490 1009 1570 J

191 1607 333 1673 XLVII.
347 1602 664 1701 'Respondendum
683 1603 728 1675 ad
746 1605 891 1674 omnia¹
909 1604 1034 1698 juveni
1053 1619 1132 1674 tum
1148 1603 1211 1674 ad-

143 1712 295 1786 modum
322 1716 507 1784 Demetrio
532 1729 627 1803 erat,
645 1738 760 1812 quum
778 1712 876 1785 haud
900 1712 1001 1784 facile
1018 1728 1132 1799 esset,
1151 1730 1212 1784 aut

144 1849 205 1913 ea,
228 1849 309 1922 quae
330 1824 598 1920 objicerentur,
618 1839 680 1895 aut
701 1850 781 1921 quae
804 1824 974 1895 adversus
997 1849 1038 1894 ea
1061 1820 1215 1894 dicenda*

145 1950 271 2024 erant,
295 1937 467 2006 memoria
489 1935 691 2033 complecti.
718 1940 794 2005 Nec
820 1935 917 2005 enim
938 1934 1051 2003 multa
1072 1933 1212 2017 solum,
1306 1954 1314 1977 ·

145 2041 208 2113 sed
221 2044 330 2114 etiam
345 2042 518 2140 pleraque
530 2044 668 2141 oppido
685 2068 793 2139 quam
809 2068 919 2140 parva
934 2057 1055 2113 erant:
1073 2042 1118 2112 de
1132 2066 1214 2112 con-

145 2154 319 2224 troversia
342 2152 490 2239 finium,
515 2154 558 2223 de
581 2152 794 2224 hominibus
816 2155 927 2248 raptis
947 2149 1214 2249 pecoribusque

144 2261 297 2352 abactis,
311 2262 446 2357 dejure
461 2276 524 2334 aut
538 2262 635 2333 dicto
650 2287 717 2360 per
730 2261 919 2332 libidinem
933 2275 996 2331 aut
1011 2287 1085 2331 non
1099 2260 1213 2343 (licto,

146 2371 191 2444 de
206 2371 317 2443 rebus
332 2397 397 2470 per
415 2375 488 2442 vim
506 2386 568 2443 aut
588 2397 654 2469 per
673 2374 821 2471 gratiam
835 2371 1012 2467 judicatis.
1031 2371 1128 2444 Nihil
1146 2370 1214 2441 ho-

146 2506 226 2551 rum
252 2507 372 2579 neque
388 2485 613 2554 Demetrium
636 2483 767 2555 docere
792 2482 968 2569 dilucide,
989 2507 1056 2553 nec
1074 2506 1112 2553 se
1131 2483 1214 2553 satis

147 2591 287 2688 liquido
309 2592 446 2662 discere
465 2592 512 2663 ab
533 2618 577 2664 eo
600 2607 745 2664 senatus
766 2618 881 2690 quum
903 2608 1068 2664 cerneret
1089 2617 1213 2691 posse,

146 2700 252 2771 simul
265 2714 302 2771 et
316 2701 482 2771 tirocinio
496 2716 533 2773 et
546 2703 820 2799 perturbatione
829 2703 974 2797 juvenis
987 2717 1214 2790 moveretur,

148 2812 259 2907 quaeri
274 2812 380 2906 jussit
396 2810 442 2881 ab
459 2837 525 2899 eo,
548 2836 699 2908 ecquem
719 2812 764 2885 de
787 2814 843 2884 bis
865 2813 975 2885 rebus
996 2828 1215 2885 commenta·

147 2922 240 2991 rium
267 2947 289 2990 a
311 2936 413 3018 patre
442 2924 661 3019 accepisset?
680 2925 804 3013 Quum
827 2923 1093 3021 respondisset,
1114 2948 1215 2993 acce-

139 3037 238 3126 pisse
253 3056 311 3115 re,
332 3030 419 3101 nihil
438 3033 538 3129 prins
557 3057 624 3104 nec
644 3035 764 3129 potius
778 3035 893 3104 visum
908 3049 979 3116 est,
997 3059 1106 3129 quam
1122 3035 1216 3128 regis

149 3142 259 3236 ipsius
273 3140 318 3212 de
333 3142 482 3238 singulis
495 3167 666 3240 responsa
678 3146 849 3241 accipere.
868 3144 1017 3213 Librum
1034 3142 1216 3238 extemplo

149 3267 413 3347 poposcerunt,
432 3251 586 3338 deinde,
605 3266 646 3323 ut
665 3254 740 3350 ipse
759 3255 945 3335 recitaret,
960 3252 1214 3348 permiserunt.

149 3364 260 3429 Erant
274 3375 394 3431 autem
408 3361 454 3431 de
470 3361 579 3432 rebus
599 3362 749 3460 singulis
763 3364 799 3431 in
814 3361 925 3431 breve
940 3375 1070 3431 coactoe
1085 3384 1216 3445 causa,

151 3470 269 3540 utalia
282 3469 406 3542 fecisse
420 3472 670 3544 sesecundum
686 3472 829 3544 decreta
839 3472 1038 3568 legatorum
1054 3469 1217 3558 doceret,

187 3774 212 3819 6.
227 3774 259 3820 Et
271 3774 303 3820 ab
312 3776 419 3826 Eumene
429 3791 485 3840 rege
494 3775 598 3839 legatio,
613 3786 659 3821 etc.
703 3771 756 3819 fillo
765 3805 772 3829 ,
781 3786 852 3833 quem
864 3780 933 3832 pater
942 3769 1045 3815 Romam
1058 3768 1153 3815 miserat
1163 3785 1219 3814 cum

150 3852 218 3898 conl.
232 3852 320 3917 Polyb.
332 3854 472 3919 l.l.etcap.
485 3857 515 3902 3:
532 3871 586 3902 uam
598 3854 661 3901 hanc
705 3850 792 3915 Apelle
804 3861 830 3897 et
842 3847 959 3896 Philocle.
973 3873 1008 3882 —
1028 3846 1123 3910 Oppido
1132 3864 1218 3910 quam,

149 3929 295 3991 legationem
316 3933 400 3981 Livius
426 3934 452 3981 in
473 3950 540 3997 seqq.
564 3933 661 3980 silentio
705 3946 752 3996 pro
765 3928 850 3987 valde,
864 3925 1011 3984 admodum3
1028 3926 1219 3974 consertCreve-

149 4010 310 4073 praetermisit.
325 4039 360 4048 -
375 4011 469 4060 Prrrsr'ae
482 4014 569 4060 bellum
580 4013 662 4060 adven
706 4010 757 4056 rius
778 4008 831 4056 niv.
851 4007 979 4062 xxxvl,
1001 4021 1055 4068 cap.
1070 4005 1118 4063 25,
1140 4007 1218 4068 princ.

152 4105 192 4135 sus
211 4091 343 4138 Errmenem
360 4093 457 4157 gerenti
473 4093 553 4156 (conl.
574 4092 662 4155 Polyb.
709 4087 798 4153 oppido
809 4102 884 4149 quam
895 4086 962 4134 breve
971 4083 1130 4131 intervallum.
1146 4085 1220 4147 Quod

157 4169 259 4229 xxm,
278 4172 322 4229 18,
335 4187 359 4217 n.
375 4171 408 4232 8)
424 4171 522 4218 auxilia
538 4171 623 4226 missa,
639 4181 665 4215 ut
710 4165 881 4229 eiexemplnm
895 4166 921 4212 in
932 4165 1122 4212 controversiam
1135 4180 1220 4220 voces,

152 4246 212 4292 olim
231 4247 280 4294 allo
300 4249 327 4296 in
350 4249 429 4308 bello;
444 4250 493 4296 vid.
507 4249 593 4314 Polyb.
608 4250 666 4303 XV,
710 4245 834 4308 etpotea,
852 4244 972 4307 siquidem
982 4244 1160 4303 nultl,etuos
1174 4243 1219 4306 ipsi

153 4340 200 4380 aa,
212 4325 228 4389 s
242 4342 263 4383 1,
273 4338 298 4373 et
308 4329 398 4385 xvu,
413 4337 444 4385 4,
459 4328 475 4393 5
488 4345 510 4387 7.
711 4323 832 4373 edidmus
852 4324 981 4387 oppidum,
1004 4339 1055 4386 qua
1067 4323 1135 4369 breve
1148 4322 1220 4368 inrer-

186 4405 250 4452 Ctr.
263 4407 366 4453 vau.
380 4423 401 4452 1.
418 4405 619 4470 &spondendum
632 4404 668 4452 ad
711 4403 817 4459 vallum
829 4402 885 4450 vide
896 4403 927 4450 nd
938 4405 1025 4459 xttt,
1038 4399 1138 4459 anun.
1153 4399 1221 4461 oppi-

152 4483 251 4538 omur'u,
268 4495 315 4530 etc.
329 4485 361 4532 cd
375 4481 447 4532 finem
459 4501 512 4549 cap.
528 4485 566 4532 et.
577 4483 665 4546 Polyb.
710 4483 742 4529 do
760 4482 900 4530 adolescens
919 4481 1033 4529 sacerdos
1045 4478 1142 4544 factus.
1157 4476 1220 4523 Gell.
1293 4514 1295 4522 ,

152 4562 255 4621 xm,
268 4579 277 4608 1
289 4573 314 4609 et
326 4577 351 4609 a.
364 4587 399 4600 -
413 4562 536 4612 Demetrio
548 4562 666 4626 ,Philippi
710 4576 810 4625 quoque
825 4561 957 4617 eonINII,
969 4576 994 4618 7,
1004 4570 1027 4606 et
1037 4558 1097 4612 XV,
1108 4555 1147 4604 ³0.
1158 4556 1204 4603 En.
