2722 5040
585 342 590 351 a

582 362 585 369 ι

567 376 584 385 ιι

194 441 201 451 ι

1029 490 1031 497 s

175 808 298 921 ὓῐὲῑὲἔζῑ
347 829 442 897 utu.
465 829 646 896 >xxxin
675 829 781 896 cie.
810 831 921 897 xuv.
949 832 1080 899 xnvt.
1142 831 1212 916 403

147 965 248 1022 etum
269 963 324 1020 est
336 945 374 1044 3)
397 949 435 1019 in
459 949 596 1020 Italiam
614 950 846 1046 transgressi,
862 950 1036 1048 oppidum
1053 953 1090 1022 in
1107 978 1214 1052 agre,

147 1062 214 1157 qui
228 1084 329 1131 nunc
343 1074 397 1130 est
412 1059 668 1155 Aquileiensis,
688 1057 923 1130 aedificabant.
944 1061 985 1132 Id
1002 1088 1064 1134 eos
1079 1079 1120 1134 ut
1134 1090 1215 1163 pro-

146 1169 312 1258 hiberet,
336 1170 437 1266 quod
459 1170 537 1264 ejus
562 1171 640 1241 sine
662 1169 759 1241 bello
777 1185 899 1267 posset
907 1174 934 1259 ⁴,
953 1176 1096 1268 praetori
1112 1200 1214 1246 man·

148 1279 273 1351 datum
292 1294 367 1350 est:
389 1279 418 1349 si
437 1280 543 1350 armis
559 1279 778 1378 prohibendi
798 1295 933 1367 essent,
953 1284 1119 1355 consules
1138 1310 1213 1358 cer-

147 1392 259 1463 tiores
276 1387 428 1474 faceret3
448 1414 492 1459 ex
507 1388 563 1460 his
580 1389 721 1487 placere
737 1389 889 1461 alterum
907 1390 1077 1464 adversus
1093 1395 1215 1466 Gallos

148 1501 470 1599 ducere'legiones.
490 1505 660 1573 Extremo
681 1501 811 1598 prioris
827 1502 913 1572 anni
930 1504 1074 1574 comitia
1092 1504 1214 1576 habita

148 1626 251 1684 erant
269 1613 308 1682 in
333 1610 515 1682 demortui
540 1615 605 1682 Cu.
632 1611 789 1682 Cornelii
813 1611 934 1682 locum
953 1615 1099 1712 auguris
1118 1614 1214 1686 suffi-

147 1721 266 1794 ciendi
280 1719 305 1792 ⁵.
328 1725 476 1794 Creatus
495 1726 555 1819 Sp.
576 1722 780 1794 Postumius
800 1720 961 1793 Albinus.

194 1833 319 1903 XLVI.
333 1830 449 1926 Hujus
463 1832 640 1929 principio
653 1833 740 1902 anni
749 1836 785 1902 P.
799 1833 958 1904 Licinius
968 1836 1114 1906 Crassus
1127 1860 1214 1933 pon-

147 1941 234 2014 tifex
253 1942 432 2014 maximus
449 1957 615 2018 mortuus
635 1956 710 2013 est:
731 1942 768 2013 in
788 1943 892 2037 cnjus
909 1940 1030 2013 locum
1043 1948 1092 2014 M.
1113 1950 1213 2017 Sem-

146 2055 299 2150 pronius
323 2051 522 2124 Tuditanus
547 2048 708 2150 pontifex
735 2067 789 2122 est
813 2066 1028 2150 cooptatus:
1050 2053 1215 2151 pontifex

120 2176 125 2183 '
146 2164 325 2234 maximus
339 2178 393 2235 est
407 2168 598 2258 creatusC.
620 2162 808 2234 Servilius¹
827 2163 1012 2234 Geminus.
1032 2168 1069 2235 P.
1087 2164 1213 2236 Licinii

146 2271 285 2346 funeris
311 2298 417 2345 causa
439 2275 628 2346 visceratio
653 2272 752 2360 data,
775 2287 811 2344 et
835 2272 1048 2370 gladiatores
1067 2290 1214 2346 centum

145 2385 275 2482 viginti
293 2399 568 2483 pugnaverunt,
590 2398 626 2456 et
650 2383 726 2454 ludi
748 2382 921 2456 funebres
941 2395 1028 2482 per²
1052 2384 1210 2457 triduum

181 2599 206 2646 3.
228 2601 260 2647 Ut
281 2609 340 2646 aute
360 2598 451 2647 dictum
467 2609 515 2655 est,
536 2614 589 2663 rap.
606 2614 656 2657 ²23
699 2597 771 2646 aliam
783 2598 856 2646 video
869 2598 998 2655 rationem,
1011 2615 1083 2661 quam
1095 2610 1124 2647 ut
1136 2601 1211 2661 conji-

145 2677 210 2725 unde
224 2678 298 2725 etiam
307 2688 390 2741 patet,
402 2677 476 2725 verba
485 2677 537 2725 baee
549 2665 668 2725 teleneu-¹
700 2678 762 2738 ciarn
774 2694 829 2725 enan
841 2677 951 2725 Grnebio
963 2678 993 2726 de
1005 2680 1074 2727 Com.
1088 2681 1159 2727 Rom.
1170 2682 1211 2738 11,

147 2756 178 2804 da
189 2772 241 2804 ease
252 2755 285 2804 ad
296 2771 365 2819 seqq.
376 2755 400 2802 iu
415 2756 518 2804 Italiam
528 2768 632 2820 trausgr.
701 2773 733 2814 a,
747 2767 811 2805 certa
826 2757 929 2819 quadarn
939 2755 970 2804 de
980 2774 1065 2817 anu,
1079 2759 1155 2806 veluti
1165 2776 1210 2822 per

181 2843 207 2892 4.
223 2835 298 2898 Quod
307 2834 349 2898 (al.
360 2833 456 2899 quoad)
467 2835 518 2901 ejus
530 2835 584 2882 siue
595 2835 656 2885 betto
701 2835 884 2884 contentionem
903 2836 1090 2900 competitorum
1107 2849 1149 2885 aut
1168 2855 1210 2886 au-

140 2928 226 2979 passet
236 2933 246 2971 ,·
258 2913 357 2962 vidend
369 2915 402 2971 V,
420 2914 462 2972 2⁵,
474 2930 499 2961 n.
510 2915 534 2963 5.
702 2931 787 2981 gurnm
796 2913 904 2978 ipsorum
913 2915 977 2963 inter
987 2932 1012 2962 se
1023 2916 1210 2977 dissensionem,

183 2993 208 3040 5.
221 2992 326 3040 Comitia
340 2991 425 3039 habita
440 3004 511 3039 eraut
525 2993 550 3039 in
562 2993 658 3040 demor-
702 2993 800 3042 tandem
820 2993 932 3040 ellectum
955 2993 1043 3051 fuisse,
1057 3006 1085 3041 nt
1106 3011 1144 3041 res
1162 3011 1209 3058 po-

146 3072 183 3119 tari
195 3072 239 3119 Cu.
251 3071 359 3119 Cornelii
375 3070 454 3117 laetam
473 3072 572 3136 auguris
590 3072 657 3138 suffi·
702 3072 856 3137 pulijudicio
867 3074 1065 3131 committeretur,
1073 3086 1097 3121 et
1111 3076 1209 3123 comitia

144 3151 242 3208 et'eudi3
265 3162 324 3199 nota
342 3149 435 3198 aneri
453 3161 507 3199 est:
530 3152 655 3201 «Certum
698 3151 740 3198 illa
753 3162 826 3198 extra
842 3149 952 3198 ordinem
972 3164 996 3198 et
1010 3164 1206 3216 praetermorem

144 3242 195 3286 est,
209 3230 304 3294 aliquot
320 3229 414 3277 saeculis
427 3244 530 3292 augures
544 3229 653 3293 aliosque
696 3229 850 3279 haberentur.
869 3234 922 3279 Hos
942 3247 988 3278 nos
1007 3243 1136 3279 contentos
1156 3249 1208 3281 esse

144 3310 280 3358 sacerdotes
293 3325 306 3356 a
318 3309 368 3356 suis
378 3307 503 3370 collegiis,
518 3324 569 3355 non
580 3310 654 3356 inter»
697 3320 811 3373 oportet,
832 3309 890 3357 dum
906 3309 963 3357 huie
982 3310 1039 3357 loco
1056 3309 1144 3358 clarior
1163 3312 1207 3360 lux

144 3391 257 3437 veniente
270 3388 378 3453 populo,
396 3387 473 3436 lectos
486 3399 511 3435 et
523 3398 653 3453 cooptatos
696 3389 835 3437 affundatur
848 3412 871 3436 n.
894 3391 966 3436 Forte
979 3387 1026 3451 leg.
1034 3400 1092 3451 past
1105 3391 1204 3438 comitia

143 3467 184 3516 ael
196 3469 222 3516 in
239 3468 321 3517 looum
335 3469 519 3516 demortuorum
537 3468 653 3515 sulieetos
696 3466 796 3525 habita,
811 3468 851 3515 vel
859 3479 991 3531 postquam
1009 3467 1108 3514 comitia
1120 3468 1205 3517 habita

144 3547 219 3595 fuisse
225 3544 292 3610 (vide
304 3546 334 3594 ad
345 3548 396 3604 111,
408 3548 451 3605 323
462 3547 593 3603 XXXIII,
604 3553 650 3604 44;
695 3558 782 3602 eraut,
801 3546 841 3593 vel
856 3545 959 3594 comitiis
972 3544 1063 3593 habitis
1084 3547 1139 3610 (so.
1155 3566 1204 3597 ma-

143 3627 206 3683 11..
224 3634 255 3681 Ia
267 3644 274 3686 ;
287 3627 376 3683 XLIV,
395 3624 455 3690 It),
474 3641 651 3688 necunquam,
695 3625 855 3690 gistratnurn)
876 3625 1033 3672 indemortui
1046 3625 1087 3673 Cu.
1099 3628 1206 3676 Cornelii

143 3705 192 3752 nisi
206 3705 238 3752 b.
255 3705 289 3763 l.,
311 3721 425 3768 augurem
443 3703 548 3751 comitiis
565 3704 652 3767 populi
694 3704 790 3752 lanarii
797 3703 896 3769 auguris
907 3704 986 3750 locum
996 3709 1202 3772 creatuseratSp.

141 3796 250 3832 creatum
264 3785 336 3832 fuisse
350 3784 465 3847 legimus3
475 3782 544 3846 qnod
554 3783 595 3843 jus
607 3781 650 3829 de·
694 3783 830 3830 Postumius
840 3781 955 3837 Albinus:
966 3781 1039 3830 Drak.

142 3865 379 3928 mumLXXXpoat
395 3863 465 3910 annis
484 3862 515 3910 ad
532 3861 651 3926 populum
730 3863 791 3911 Car.
814 3862 903 3908 XLVI.
926 3877 948 3908 r.
972 3861 1070 3909 Crassus
1090 3865 1203 3930 poutfir

141 3953 178 3989 eat
190 3942 329 3990 translatum
342 3957 348 3989 :
363 3942 580 4005 namlegem,qna
590 3940 652 3988 illud
696 3957 763 3988 mua.
787 3951 893 3986 mortuus
913 3951 966 3986 est:
989 3941 1014 3987 in
1034 3943 1101 4006 eiu'us
1125 3944 1204 3992 lactem

141 4021 172 4069 C.
188 4021 295 4069 Licinius
305 4021 361 4069 trib.
371 4021 405 4087 pl.
419 4037 461 4068 an.
474 4023 505 4068 U.
519 4021 567 4068 508
579 4020 651 4067 colle·
696 4022 733 4068 M.
739 4019 891 4081 Sempronius
904 4020 929 4065 T.
936 4018 1049 4083 pontifex
1062 4035 1097 4070 est
1105 4038 1203 4088 coopta-

142 4101 189 4164 giia
217 4100 369 4147 sacerdotnm
400 4100 506 4147 adimere
533 4101 651 4151 tentarit,
695 4111 751 4155 tus,·
772 4096 888 4162 pontifex
909 4098 1030 4146 maxianus
1051 4113 1087 4148 est
1106 4116 1203 4151 creatus

142 4195 193 4227 non
207 4191 330 4244 aceeptam
343 4180 429 4235 fnisse,
443 4190 528 4226 auctor
544 4189 581 4225 est
598 4178 649 4225 cte.
696 4177 721 4225 0.
731 4176 858 4232 Servitium
874 4177 924 4224 uid.
932 4179 1016 4236 XXV,
1025 4179 1049 4237 5,
1068 4196 1091 4226 n.
1109 4197 1130 4229 t.

140 4258 168 4304 in
181 4259 238 4306 Lael.
252 4275 306 4322 eap.
320 4259 467 4306 23.Deinde
480 4262 542 4305 cirea
555 4273 611 4304 ann.
619 4256 649 4302 U.
730 4272 755 4303 a.
776 4257 875 4304 Fttueris
897 4274 973 4304 eausa
995 4258 1165 4307 uisceratio...
1180 4273 1204 4308 et

142 4337 195 4385 650
216 4338 261 4386 Cn.
279 4339 414 4387 Domitiam
430 4338 537 4385 eumdem
551 4336 600 4383 lere
617 4335 650 4381 le·
690 4334 842 4402 gladiatores
855 4335 960 4386 ΟΧΧ...
983 4350 1007 4384 et
1025 4338 1078 4385 ludi
1086 4337 1202 4403 fituebres

142 4433 196 4482 gem
210 4417 309 4476 tulluse,
325 4417 435 4481 produnt
448 4418 498 4465 Cic.
513 4418 597 4477 Agrar.
611 4416 651 4470 II,
691 4430 739 4479 per
748 4413 871 4471 triduum
885 4414 941 4462 vide
950 4415 981 4463 ad
995 4418 1066 4474 VIII,
1086 4432 1118 4463 aa
1128 4432 1166 4479 pr.
1177 4426 1201 4462 et

144 4512 177 4555 73
193 4495 257 4544 Veli.
271 4498 310 4553 II,
325 4495 450 4554 1238uet.
464 4495 563 4551 Ner.a;
588 4493 651 4550 blo,
696 4495 863 4551 XX111,30.
889 4510 913 4542 n.
938 4509 961 4554 9.
981 4493 1201 4557 1·'ortelegendotn

144 4575 282 4633 XXXVII,
301 4590 328 4638 p.
341 4575 385 4630 46.
400 4574 467 4622 Nudi
478 4572 588 4623 solvendi
600 4587 651 4622 non
693 4572 844 4637 gladiatores
858 4574 940 4629 LXX,
959 4573 1002 4634 qni
1017 4588 1130 4620 nttmarua
1143 4588 1203 4621 eon-

967 4656 1029 4725 26.
