<?xml version="1.0" encoding="UTF-8"?>
<!DOCTYPE html PUBLIC "-//W3C//DTD XHTML 1.0 Transitional//EN"
    "http://www.w3.org/TR/xhtml1/DTD/xhtml1-transitional.dtd">
<html xmlns="http://www.w3.org/1999/xhtml" xml:lang="en" lang="en">
 <head>
  <title>
</title>
<meta http-equiv="Content-Type" content="text/html;charset=utf-8" />
  <meta name='ocr-system' content='tesseract 3.04.00' />
  <meta name='ocr-capabilities' content='ocr_page ocr_carea ocr_par ocr_line ocrx_word'/>
</head>
<body>
  <div class='ocr_page' id='page_1' title='image "./titusliviuspata05freigoog_0361.png"; bbox 0 0 2722 5040; ppageno 0'>
   <div class='ocr_carea' id='block_1_1' title="bbox 165 799 1198 904">
    <p class='ocr_par' dir='ltr' id='par_1_1' title="bbox 165 799 1198 904">
     <span class='ocr_line' id='line_1_1' title="bbox 165 799 1198 904; baseline 0.009 -25"><span class='ocrx_word' id='word_1_1' title='bbox 165 799 229 904; x_wconf 63' lang='lat' dir='ltr'>llil</span> <span class='ocrx_word' id='word_1_2' title='bbox 244 800 294 902; x_wconf 65' lang='lat'>3221</span> <span class='ocrx_word' id='word_1_3' title='bbox 336 818 431 888; x_wconf 80' lang='lat' dir='ltr'>nra.</span> <span class='ocrx_word' id='word_1_4' title='bbox 454 814 1074 885; x_wconf 77' lang='lat' dir='ltr'>xxxrx.car.xvt1.xvru.</span> <span class='ocrx_word' id='word_1_5' title='bbox 1133 815 1198 888; x_wconf 73' lang='lat'>351</span> 
     </span>
    </p>
   </div>
   <div class='ocr_carea' id='block_1_2' title="bbox 138 933 1223 3453">
    <p class='ocr_par' dir='ltr' id='par_1_2' title="bbox 138 933 1223 1671">
     <span class='ocr_line' id='line_1_2' title="bbox 138 933 1205 1038; baseline -0.001 -27"><span class='ocrx_word' id='word_1_6' title='bbox 138 943 189 1010; x_wconf 82' lang='grc' dir='ltr'>Μ.</span> <span class='ocrx_word' id='word_1_7' title='bbox 202 953 241 1011; x_wconf 90' lang='lat' dir='ltr'>et</span> <span class='ocrx_word' id='word_1_8' title='bbox 251 943 291 1010; x_wconf 71' lang='lat' dir='ltr'>G</span> <span class='ocrx_word' id='word_1_9' title='bbox 304 934 467 1010; x_wconf 85' lang='lat' dir='ltr'>Atinios⁵</span> <span class='ocrx_word' id='word_1_10' title='bbox 483 935 528 1007; x_wconf 94' lang='lat' dir='ltr'>de</span> <span class='ocrx_word' id='word_1_11' title='bbox 538 933 645 1033; x_wconf 87' lang='lat' dir='ltr'>plebe</span> <span class='ocrx_word' id='word_1_12' title='bbox 656 957 824 1020; x_wconf 89' lang='lat' dir='ltr'>romana,</span> <span class='ocrx_word' id='word_1_13' title='bbox 839 947 875 1004; x_wconf 91' lang='lat' dir='ltr'>et</span> <span class='ocrx_word' id='word_1_14' title='bbox 888 933 1063 1006; x_wconf 80' lang='lat' dir='ltr'>Faliscum</span> <span class='ocrx_word' id='word_1_15' title='bbox 1075 944 1112 1010; x_wconf 94' lang='lat' dir='ltr'>L.</span> <span class='ocrx_word' id='word_1_16' title='bbox 1122 941 1205 1038; x_wconf 91' lang='lat' dir='ltr'>Opi·</span> 
     </span>
     <span class='ocr_line' id='line_1_3' title="bbox 139 1043 1206 1141; baseline -0.003 -20"><span class='ocrx_word' id='word_1_17' title='bbox 139 1050 321 1136; x_wconf 76' lang='lat' dir='ltr'>tmuium,</span> <span class='ocrx_word' id='word_1_18' title='bbox 340 1062 377 1118; x_wconf 90' lang='lat' dir='ltr'>et</span> <span class='ocrx_word' id='word_1_19' title='bbox 400 1047 553 1118; x_wconf 86' lang='lat' dir='ltr'>Minium</span> <span class='ocrx_word' id='word_1_20' title='bbox 578 1043 781 1115; x_wconf 86' lang='lat' dir='ltr'>Cerrinium</span> <span class='ocrx_word' id='word_1_21' title='bbox 804 1045 1053 1141; x_wconf 88' lang='lat' dir='ltr'>Campanum:</span> <span class='ocrx_word' id='word_1_22' title='bbox 1079 1046 1124 1118; x_wconf 88' lang='lat' dir='ltr'>ab</span> <span class='ocrx_word' id='word_1_23' title='bbox 1149 1048 1206 1119; x_wconf 91' lang='lat' dir='ltr'>his</span> 
     </span>
     <span class='ocr_line' id='line_1_4' title="bbox 141 1154 1205 1253; baseline 0 -22"><span class='ocrx_word' id='word_1_24' title='bbox 141 1162 263 1231; x_wconf 90' lang='lat' dir='ltr'>omnia</span> <span class='ocrx_word' id='word_1_25' title='bbox 288 1157 448 1230; x_wconf 85' lang='lat' dir='ltr'>facinora</span> <span class='ocrx_word' id='word_1_26' title='bbox 472 1170 508 1228; x_wconf 90' lang='lat' dir='ltr'>et</span> <span class='ocrx_word' id='word_1_27' title='bbox 531 1154 663 1253; x_wconf 81' lang='lat' dir='ltr'>flagitia</span> <span class='ocrx_word' id='word_1_28' title='bbox 682 1167 787 1224; x_wconf 88' lang='lat' dir='ltr'>orta:</span> <span class='ocrx_word' id='word_1_29' title='bbox 810 1177 873 1224; x_wconf 89' lang='lat' dir='ltr'>eos</span> <span class='ocrx_word' id='word_1_30' title='bbox 893 1156 1068 1228; x_wconf 83' lang='lat' dir='ltr'>maximos</span> <span class='ocrx_word' id='word_1_31' title='bbox 1088 1181 1205 1230; x_wconf 90' lang='lat' dir='ltr'>sacer·</span> 
     </span>
     <span class='ocr_line' id='line_1_5' title="bbox 141 1263 1223 1365; baseline -0.001 -25"><span class='ocrx_word' id='word_1_32' title='bbox 141 1269 246 1340; x_wconf 88' lang='lat' dir='ltr'>dotes</span> <span class='ocrx_word' id='word_1_33' title='bbox 269 1267 547 1363; x_wconf 82' lang='lat' dir='ltr'>conditoresque</span> <span class='ocrx_word' id='word_1_34' title='bbox 565 1266 644 1359; x_wconf 85' lang='lat' dir='ltr'>ejus</span> <span class='ocrx_word' id='word_1_35' title='bbox 667 1263 758 1336; x_wconf 89' lang='lat' dir='ltr'>sacri</span> <span class='ocrx_word' id='word_1_36' title='bbox 776 1286 863 1334; x_wconf 87' lang='lat' dir='ltr'>esse.</span> <span class='ocrx_word' id='word_1_37' title='bbox 887 1269 978 1334; x_wconf 89' lang='lat' dir='ltr'>Data</span> <span class='ocrx_word' id='word_1_38' title='bbox 998 1291 1109 1365; x_wconf 90' lang='lat' dir='ltr'>opera</span> <span class='ocrx_word' id='word_1_39' title='bbox 1130 1283 1223 1356; x_wconf 86' lang='lat' dir='ltr'>est,</span> 
     </span>
     <span class='ocr_line' id='line_1_6' title="bbox 141 1374 1204 1476; baseline 0.001 -27"><span class='ocrx_word' id='word_1_40' title='bbox 141 1393 184 1450; x_wconf 93' lang='lat' dir='ltr'>ut</span> <span class='ocrx_word' id='word_1_41' title='bbox 208 1380 328 1476; x_wconf 88' lang='lat' dir='ltr'>primo</span> <span class='ocrx_word' id='word_1_42' title='bbox 354 1400 502 1474; x_wconf 90' lang='lat' dir='ltr'>quoque</span> <span class='ocrx_word' id='word_1_43' title='bbox 524 1390 687 1472; x_wconf 89' lang='lat' dir='ltr'>tempore</span> <span class='ocrx_word' id='word_1_44' title='bbox 705 1374 1110 1472; x_wconf 86' lang='lat' dir='ltr'>comprehenderentur.</span> <span class='ocrx_word' id='word_1_45' title='bbox 1131 1379 1204 1450; x_wconf 85' lang='lat' dir='ltr'>Ad-</span> 
     </span>
     <span class='ocr_line' id='line_1_7' title="bbox 142 1483 1205 1586; baseline 0.002 -27"><span class='ocrx_word' id='word_1_46' title='bbox 142 1488 241 1559; x_wconf 85' lang='lat' dir='ltr'>ducti</span> <span class='ocrx_word' id='word_1_47' title='bbox 259 1487 304 1558; x_wconf 91' lang='lat' dir='ltr'>ad</span> <span class='ocrx_word' id='word_1_48' title='bbox 323 1486 503 1573; x_wconf 91' lang='lat' dir='ltr'>consules,</span> <span class='ocrx_word' id='word_1_49' title='bbox 520 1483 677 1582; x_wconf 82' lang='lat' dir='ltr'>fassique</span> <span class='ocrx_word' id='word_1_50' title='bbox 697 1483 743 1554; x_wconf 91' lang='lat' dir='ltr'>de</span> <span class='ocrx_word' id='word_1_51' title='bbox 761 1506 818 1572; x_wconf 86' lang='lat' dir='ltr'>se,</span> <span class='ocrx_word' id='word_1_52' title='bbox 840 1485 978 1556; x_wconf 91' lang='lat' dir='ltr'>nullam</span> <span class='ocrx_word' id='word_1_53' title='bbox 995 1512 1133 1559; x_wconf 87' lang='lat' dir='ltr'>moram</span> <span class='ocrx_word' id='word_1_54' title='bbox 1149 1491 1205 1586; x_wconf 87' lang='lat' dir='ltr'>ju·</span> 
     </span>
     <span class='ocr_line' id='line_1_8' title="bbox 142 1597 429 1671; baseline -0.01 -1"><span class='ocrx_word' id='word_1_55' title='bbox 142 1599 237 1671; x_wconf 90' lang='lat' dir='ltr'>dicio</span> <span class='ocrx_word' id='word_1_56' title='bbox 255 1597 429 1669; x_wconf 84' lang='lat' dir='ltr'>fecerunt.</span> 
     </span>
    </p>

    <p class='ocr_par' dir='ltr' id='par_1_3' title="bbox 144 1704 1212 3453">
     <span class='ocr_line' id='line_1_9' title="bbox 190 1704 1206 1803; baseline 0.004 -25"><span class='ocrx_word' id='word_1_57' title='bbox 190 1712 320 1780; x_wconf 86' lang='lat' dir='ltr'><strong>XVIII.</strong></span> <span class='ocrx_word' id='word_1_58' title='bbox 343 1712 520 1780; x_wconf 90' lang='lat' dir='ltr'>Caeterum</span> <span class='ocrx_word' id='word_1_59' title='bbox 537 1721 637 1777; x_wconf 91' lang='lat' dir='ltr'>tanta</span> <span class='ocrx_word' id='word_1_60' title='bbox 653 1704 736 1803; x_wconf 85' lang='lat' dir='ltr'>fuga</span> <span class='ocrx_word' id='word_1_61' title='bbox 752 1733 797 1779; x_wconf 87' lang='lat' dir='ltr'>ex</span> <span class='ocrx_word' id='word_1_62' title='bbox 810 1707 911 1780; x_wconf 88' lang='lat' dir='ltr'>Urbe</span> <span class='ocrx_word' id='word_1_63' title='bbox 929 1707 1020 1780; x_wconf 86' lang='lat' dir='ltr'>facta</span> <span class='ocrx_word' id='word_1_64' title='bbox 1035 1724 1131 1797; x_wconf 87' lang='lat' dir='ltr'>erat,</span> <span class='ocrx_word' id='word_1_65' title='bbox 1148 1726 1206 1800; x_wconf 89' lang='lat' dir='ltr'>ut,</span> 
     </span>
     <span class='ocr_line' id='line_1_10' title="bbox 144 1816 1209 1917; baseline 0.003 -28"><span class='ocrx_word' id='word_1_66' title='bbox 144 1820 228 1917; x_wconf 88' lang='lat' dir='ltr'>quia</span> <span class='ocrx_word' id='word_1_67' title='bbox 256 1817 379 1889; x_wconf 91' lang='lat' dir='ltr'>multis</span> <span class='ocrx_word' id='word_1_68' title='bbox 406 1819 566 1888; x_wconf 84' lang='lat' dir='ltr'>actiones</span> <span class='ocrx_word' id='word_1_69' title='bbox 597 1831 634 1887; x_wconf 89' lang='lat' dir='ltr'>et</span> <span class='ocrx_word' id='word_1_70' title='bbox 661 1828 742 1888; x_wconf 90' lang='lat' dir='ltr'>res¹</span> <span class='ocrx_word' id='word_1_71' title='bbox 774 1816 966 1915; x_wconf 86' lang='lat' dir='ltr'>peribant,</span> <span class='ocrx_word' id='word_1_72' title='bbox 992 1836 1209 1916; x_wconf 85' lang='lat' dir='ltr'>cogerentur</span> 
     </span>
     <span class='ocr_line' id='line_1_11' title="bbox 145 1927 1208 2027; baseline 0.002 -27"><span class='ocrx_word' id='word_1_73' title='bbox 145 1943 315 2027; x_wconf 80' lang='lat' dir='ltr'>praetores</span> <span class='ocrx_word' id='word_1_74' title='bbox 336 1933 376 1998; x_wconf 89' lang='lat' dir='ltr'>T.</span> <span class='ocrx_word' id='word_1_75' title='bbox 400 1927 550 1998; x_wconf 73' lang='lat' dir='ltr'>Maenius</span> <span class='ocrx_word' id='word_1_76' title='bbox 576 1940 613 1997; x_wconf 89' lang='lat' dir='ltr'>et</span> <span class='ocrx_word' id='word_1_77' title='bbox 635 1929 685 1996; x_wconf 85' lang='lat' dir='ltr'>M.</span> <span class='ocrx_word' id='word_1_78' title='bbox 704 1928 862 1998; x_wconf 92' lang='lat' dir='ltr'>Licinius</span> <span class='ocrx_word' id='word_1_79' title='bbox 879 1950 946 2024; x_wconf 91' lang='lat' dir='ltr'>per</span> <span class='ocrx_word' id='word_1_80' title='bbox 966 1942 1129 1999; x_wconf 88' lang='lat' dir='ltr'>senatum</span> <span class='ocrx_word' id='word_1_81' title='bbox 1149 1955 1208 2002; x_wconf 88' lang='lat' dir='ltr'>res</span> 
     </span>
     <span class='ocr_line' id='line_1_12' title="bbox 145 2033 1208 2134; baseline 0 -25"><span class='ocrx_word' id='word_1_82' title='bbox 145 2040 183 2109; x_wconf 93' lang='lat' dir='ltr'>in</span> <span class='ocrx_word' id='word_1_83' title='bbox 196 2037 293 2110; x_wconf 91' lang='lat' dir='ltr'>diem</span> <span class='ocrx_word' id='word_1_84' title='bbox 307 2038 530 2134; x_wconf 85' lang='lat' dir='ltr'>trigesimum</span> <span class='ocrx_word' id='word_1_85' title='bbox 543 2033 707 2123; x_wconf 88' lang='lat' dir='ltr'>differre,</span> <span class='ocrx_word' id='word_1_86' title='bbox 726 2035 843 2109; x_wconf 87' lang='lat' dir='ltr'>donec</span> <span class='ocrx_word' id='word_1_87' title='bbox 855 2036 1071 2133; x_wconf 83' lang='lat' dir='ltr'>quaestipnes</span> <span class='ocrx_word' id='word_1_88' title='bbox 1087 2062 1106 2107; x_wconf 88' lang='lat' dir='ltr'>a</span> <span class='ocrx_word' id='word_1_89' title='bbox 1123 2062 1208 2109; x_wconf 92' lang='lat' dir='ltr'>con-</span> 
     </span>
     <span class='ocr_line' id='line_1_13' title="bbox 145 2144 1209 2246; baseline -0.003 -26"><span class='ocrx_word' id='word_1_90' title='bbox 145 2148 283 2220; x_wconf 88' lang='lat' dir='ltr'>sulibus</span> <span class='ocrx_word' id='word_1_91' title='bbox 309 2148 583 2246; x_wconf 88' lang='lat' dir='ltr'>perficerentur.</span> <span class='ocrx_word' id='word_1_92' title='bbox 609 2145 742 2217; x_wconf 85' lang='lat' dir='ltr'>Eadem</span> <span class='ocrx_word' id='word_1_93' title='bbox 769 2144 950 2232; x_wconf 91' lang='lat' dir='ltr'>solitudo,</span> <span class='ocrx_word' id='word_1_94' title='bbox 980 2147 1066 2243; x_wconf 89' lang='lat' dir='ltr'>quia</span> <span class='ocrx_word' id='word_1_95' title='bbox 1087 2152 1209 2217; x_wconf 83' lang='lat' dir='ltr'>Romae</span> 
     </span>
     <span class='ocr_line' id='line_1_14' title="bbox 146 2254 1208 2356; baseline 0.001 -28"><span class='ocrx_word' id='word_1_96' title='bbox 146 2283 221 2330; x_wconf 90' lang='lat' dir='ltr'>non</span> <span class='ocrx_word' id='word_1_97' title='bbox 244 2255 533 2356; x_wconf 87' lang='lat' dir='ltr'>respondebant,</span> <span class='ocrx_word' id='word_1_98' title='bbox 555 2280 622 2327; x_wconf 91' lang='lat' dir='ltr'>nec</span> <span class='ocrx_word' id='word_1_99' title='bbox 646 2254 941 2343; x_wconf 85' lang='lat' dir='ltr'>inveniebantur,</span> <span class='ocrx_word' id='word_1_100' title='bbox 964 2281 1121 2352; x_wconf 90' lang='lat' dir='ltr'>quorum</span> <span class='ocrx_word' id='word_1_101' title='bbox 1141 2282 1208 2329; x_wconf 89' lang='lat' dir='ltr'>no·</span> 
     </span>
     <span class='ocr_line' id='line_1_15' title="bbox 146 2364 1208 2464; baseline -0.002 -24"><span class='ocrx_word' id='word_1_102' title='bbox 146 2371 243 2440; x_wconf 91' lang='lat' dir='ltr'>mina</span> <span class='ocrx_word' id='word_1_103' title='bbox 266 2369 383 2441; x_wconf 86' lang='lat' dir='ltr'>delata</span> <span class='ocrx_word' id='word_1_104' title='bbox 408 2381 531 2455; x_wconf 91' lang='lat' dir='ltr'>erant,</span> <span class='ocrx_word' id='word_1_105' title='bbox 553 2367 671 2463; x_wconf 84' lang='lat' dir='ltr'>coegit</span> <span class='ocrx_word' id='word_1_106' title='bbox 692 2366 858 2438; x_wconf 89' lang='lat' dir='ltr'>consules</span> <span class='ocrx_word' id='word_1_107' title='bbox 879 2369 973 2438; x_wconf 89' lang='lat' dir='ltr'>circa</span> <span class='ocrx_word' id='word_1_108' title='bbox 996 2364 1075 2437; x_wconf 81' lang='lat' dir='ltr'>fora</span> <span class='ocrx_word' id='word_1_109' title='bbox 1096 2367 1208 2464; x_wconf 86' lang='lat' dir='ltr'>profi-</span> 
     </span>
     <span class='ocr_line' id='line_1_16' title="bbox 148 2476 1210 2577; baseline -0.001 -26"><span class='ocrx_word' id='word_1_110' title='bbox 148 2481 251 2563; x_wconf 88' lang='lat' dir='ltr'>cisci,</span> <span class='ocrx_word' id='word_1_111' title='bbox 268 2478 393 2577; x_wconf 89' lang='lat' dir='ltr'>ibique</span> <span class='ocrx_word' id='word_1_112' title='bbox 412 2501 573 2576; x_wconf 83' lang='lat' dir='ltr'>quaerere</span> <span class='ocrx_word' id='word_1_113' title='bbox 587 2491 623 2548; x_wconf 90' lang='lat' dir='ltr'>et</span> <span class='ocrx_word' id='word_1_114' title='bbox 636 2476 770 2571; x_wconf 88' lang='lat' dir='ltr'>judicia</span> <span class='ocrx_word' id='word_1_115' title='bbox 788 2499 965 2548; x_wconf 86' lang='lat' dir='ltr'>exercere.</span> <span class='ocrx_word' id='word_1_116' title='bbox 982 2478 1055 2568; x_wconf 89' lang='lat' dir='ltr'>Qui</span> <span class='ocrx_word' id='word_1_117' title='bbox 1069 2492 1210 2550; x_wconf 89' lang='lat' dir='ltr'>tantum</span> 
     </span>
     <span class='ocr_line' id='line_1_17' title="bbox 147 2588 1210 2685; baseline 0 -25"><span class='ocrx_word' id='word_1_118' title='bbox 147 2591 276 2661; x_wconf 89' lang='lat' dir='ltr'>initiati</span> <span class='ocrx_word' id='word_1_119' title='bbox 293 2604 415 2677; x_wconf 91' lang='lat' dir='ltr'>erant,</span> <span class='ocrx_word' id='word_1_120' title='bbox 436 2603 473 2660; x_wconf 90' lang='lat' dir='ltr'>et</span> <span class='ocrx_word' id='word_1_121' title='bbox 494 2612 537 2658; x_wconf 88' lang='lat' dir='ltr'>ex</span> <span class='ocrx_word' id='word_1_122' title='bbox 556 2589 714 2658; x_wconf 85' lang='lat' dir='ltr'>carmine</span> <span class='ocrx_word' id='word_1_123' title='bbox 737 2610 838 2658; x_wconf 90' lang='lat' dir='ltr'>sacro</span> <span class='ocrx_word' id='word_1_124' title='bbox 848 2597 876 2674; x_wconf 75' lang='lat'>²,</span> <span class='ocrx_word' id='word_1_125' title='bbox 894 2601 1080 2685; x_wconf 86' lang='lat' dir='ltr'>praeeuute</span> <span class='ocrx_word' id='word_1_126' title='bbox 1099 2588 1210 2660; x_wconf 88' lang='lat' dir='ltr'>verba</span> 
     </span>
     <span class='ocr_line' id='line_1_18' title="bbox 149 2695 1210 2796; baseline 0 -25"><span class='ocrx_word' id='word_1_127' title='bbox 149 2698 355 2786; x_wconf 89' lang='lat' dir='ltr'>sacerdote,</span> <span class='ocrx_word' id='word_1_128' title='bbox 380 2699 607 2796; x_wconf 88' lang='lat' dir='ltr'>precationes</span> <span class='ocrx_word' id='word_1_129' title='bbox 631 2695 812 2780; x_wconf 86' lang='lat' dir='ltr'>fecerant,</span> <span class='ocrx_word' id='word_1_130' title='bbox 839 2698 876 2766; x_wconf 93' lang='lat' dir='ltr'>in</span> <span class='ocrx_word' id='word_1_131' title='bbox 900 2695 1033 2794; x_wconf 92' lang='lat' dir='ltr'>quibus</span> <span class='ocrx_word' id='word_1_132' title='bbox 1055 2697 1210 2771; x_wconf 88' lang='lat' dir='ltr'>nefanda</span> 
     </span>
     <span class='ocr_line' id='line_1_19' title="bbox 150 2804 1209 2905; baseline 0.002 -26"><span class='ocrx_word' id='word_1_133' title='bbox 150 2808 348 2905; x_wconf 89' lang='lat' dir='ltr'>conjuratio</span> <span class='ocrx_word' id='word_1_134' title='bbox 369 2806 407 2876; x_wconf 90' lang='lat' dir='ltr'>in</span> <span class='ocrx_word' id='word_1_135' title='bbox 431 2831 539 2878; x_wconf 89' lang='lat' dir='ltr'>omne</span> <span class='ocrx_word' id='word_1_136' title='bbox 563 2805 701 2878; x_wconf 87' lang='lat' dir='ltr'>facinus</span> <span class='ocrx_word' id='word_1_137' title='bbox 724 2830 765 2878; x_wconf 87' lang='lat' dir='ltr'>ac</span> <span class='ocrx_word' id='word_1_138' title='bbox 790 2804 977 2878; x_wconf 90' lang='lat' dir='ltr'>libidinem</span> <span class='ocrx_word' id='word_1_139' title='bbox 996 2808 1209 2884; x_wconf 87' lang='lat' dir='ltr'>contineba-</span> 
     </span>
     <span class='ocr_line' id='line_1_20' title="bbox 149 2917 1210 3016; baseline 0.003 -26"><span class='ocrx_word' id='word_1_140' title='bbox 149 2934 227 3003; x_wconf 91' lang='lat' dir='ltr'>tur,</span> <span class='ocrx_word' id='word_1_141' title='bbox 254 2941 323 2989; x_wconf 93' lang='lat' dir='ltr'>nec</span> <span class='ocrx_word' id='word_1_142' title='bbox 352 2941 474 2988; x_wconf 88' lang='lat' dir='ltr'>earum</span> <span class='ocrx_word' id='word_1_143' title='bbox 499 2942 620 2988; x_wconf 91' lang='lat' dir='ltr'>rerum</span> <span class='ocrx_word' id='word_1_144' title='bbox 645 2917 777 3005; x_wconf 89' lang='lat' dir='ltr'>ullam,</span> <span class='ocrx_word' id='word_1_145' title='bbox 804 2918 842 2989; x_wconf 93' lang='lat' dir='ltr'>in</span> <span class='ocrx_word' id='word_1_146' title='bbox 864 2943 954 3015; x_wconf 86' lang='lat' dir='ltr'>quas</span> <span class='ocrx_word' id='word_1_147' title='bbox 972 2920 1210 3016; x_wconf 88' lang='lat' dir='ltr'>jurejurando</span> 
     </span>
     <span class='ocr_line' id='line_1_21' title="bbox 149 3026 1212 3124; baseline 0.002 -26"><span class='ocrx_word' id='word_1_148' title='bbox 149 3026 297 3124; x_wconf 85' lang='lat' dir='ltr'>obligati</span> <span class='ocrx_word' id='word_1_149' title='bbox 315 3040 436 3113; x_wconf 88' lang='lat' dir='ltr'>erant,</span> <span class='ocrx_word' id='word_1_150' title='bbox 454 3029 493 3097; x_wconf 93' lang='lat' dir='ltr'>in</span> <span class='ocrx_word' id='word_1_151' title='bbox 509 3050 546 3098; x_wconf 97' lang='lat' dir='ltr'>se</span> <span class='ocrx_word' id='word_1_152' title='bbox 561 3041 623 3098; x_wconf 88' lang='lat' dir='ltr'>aut</span> <span class='ocrx_word' id='word_1_153' title='bbox 637 3027 726 3099; x_wconf 90' lang='lat' dir='ltr'>alios</span> <span class='ocrx_word' id='word_1_154' title='bbox 740 3027 975 3115; x_wconf 90' lang='lat' dir='ltr'>admiserant,</span> <span class='ocrx_word' id='word_1_155' title='bbox 997 3055 1059 3101; x_wconf 91' lang='lat' dir='ltr'>eos</span> <span class='ocrx_word' id='word_1_156' title='bbox 1080 3033 1118 3100; x_wconf 90' lang='lat' dir='ltr'>in</span> <span class='ocrx_word' id='word_1_157' title='bbox 1132 3032 1212 3101; x_wconf 87' lang='lat' dir='ltr'>vin-</span> 
     </span>
     <span class='ocr_line' id='line_1_22' title="bbox 151 3136 1210 3234; baseline -0.001 -25"><span class='ocrx_word' id='word_1_158' title='bbox 151 3137 238 3210; x_wconf 90' lang='lat' dir='ltr'>culis</span> <span class='ocrx_word' id='word_1_159' title='bbox 255 3136 535 3233; x_wconf 87' lang='lat' dir='ltr'>relinquebant:</span> <span class='ocrx_word' id='word_1_160' title='bbox 562 3138 625 3232; x_wconf 92' lang='lat' dir='ltr'>qui</span> <span class='ocrx_word' id='word_1_161' title='bbox 646 3139 779 3234; x_wconf 90' lang='lat' dir='ltr'>stupris</span> <span class='ocrx_word' id='word_1_162' title='bbox 803 3152 864 3208; x_wconf 87' lang='lat' dir='ltr'>aut</span> <span class='ocrx_word' id='word_1_163' title='bbox 885 3136 1067 3208; x_wconf 81' lang='lat' dir='ltr'>caedibus3</span> <span class='ocrx_word' id='word_1_164' title='bbox 1087 3139 1210 3210; x_wconf 85' lang='lat' dir='ltr'>violati</span> 
     </span>
     <span class='ocr_line' id='line_1_23' title="bbox 150 3244 1211 3344; baseline 0 -26"><span class='ocrx_word' id='word_1_165' title='bbox 150 3262 271 3336; x_wconf 86' lang='lat' dir='ltr'>erant,</span> <span class='ocrx_word' id='word_1_166' title='bbox 289 3248 352 3344; x_wconf 94' lang='lat' dir='ltr'>qui</span> <span class='ocrx_word' id='word_1_167' title='bbox 373 3244 468 3317; x_wconf 85' lang='lat' dir='ltr'>falsis</span> <span class='ocrx_word' id='word_1_168' title='bbox 489 3246 723 3332; x_wconf 91' lang='lat' dir='ltr'>testimoniis,</span> <span class='ocrx_word' id='word_1_169' title='bbox 746 3247 854 3343; x_wconf 88' lang='lat' dir='ltr'>signis</span> <span class='ocrx_word' id='word_1_170' title='bbox 877 3246 1104 3332; x_wconf 87' lang='lat' dir='ltr'>adulterinis,</span> <span class='ocrx_word' id='word_1_171' title='bbox 1122 3248 1211 3318; x_wconf 92' lang='lat' dir='ltr'>sub-</span> 
     </span>
     <span class='ocr_line' id='line_1_24' title="bbox 148 3354 1209 3453; baseline -0.001 -23"><span class='ocrx_word' id='word_1_172' title='bbox 148 3359 305 3453; x_wconf 84' lang='lat' dir='ltr'>jectione</span> <span class='ocrx_word' id='word_1_173' title='bbox 322 3370 638 3438; x_wconf 87' lang='lat' dir='ltr'>testamentorum,</span> <span class='ocrx_word' id='word_1_174' title='bbox 657 3354 843 3427; x_wconf 83' lang='lat' dir='ltr'>fraudibus</span> <span class='ocrx_word' id='word_1_175' title='bbox 859 3355 936 3425; x_wconf 87' lang='lat' dir='ltr'>aliis</span> <span class='ocrx_word' id='word_1_176' title='bbox 958 3358 1209 3445; x_wconf 88' lang='lat' dir='ltr'>contaminati,</span> 
     </span>
    </p>
   </div>
   <div class='ocr_carea' id='block_1_3' title="bbox 151 3538 1213 4633">
    <p class='ocr_par' dir='ltr' id='par_1_4' title="bbox 151 3538 1213 4072">
     <span class='ocr_line' id='line_1_25' title="bbox 186 3538 1211 3604; baseline -0.002 -14"><span class='ocrx_word' id='word_1_177' title='bbox 186 3541 212 3590; x_wconf 78' lang='grc'>5.</span> <span class='ocrx_word' id='word_1_178' title='bbox 227 3543 262 3590; x_wconf 87' lang='grc' dir='ltr'>Μ.</span> <span class='ocrx_word' id='word_1_179' title='bbox 272 3553 296 3590; x_wconf 84' lang='lat' dir='ltr'>et</span> <span class='ocrx_word' id='word_1_180' title='bbox 310 3541 336 3590; x_wconf 85' lang='lat' dir='ltr'>C.</span> <span class='ocrx_word' id='word_1_181' title='bbox 351 3541 449 3589; x_wconf 81' lang='lat' dir='ltr'>Atinios</span> <span class='ocrx_word' id='word_1_182' title='bbox 464 3556 496 3588; x_wconf 84' lang='lat' dir='ltr'>ex</span> <span class='ocrx_word' id='word_1_183' title='bbox 510 3539 605 3588; x_wconf 83' lang='lat' dir='ltr'>emend.</span> <span class='ocrx_word' id='word_1_184' title='bbox 620 3539 657 3587; x_wconf 88' lang='lat' dir='ltr'>Si·</span> <span class='ocrx_word' id='word_1_185' title='bbox 701 3554 755 3604; x_wconf 80' lang='lat' dir='ltr'>cap.</span> <span class='ocrx_word' id='word_1_186' title='bbox 773 3554 847 3604; x_wconf 72' lang='lat' dir='ltr'>praec.</span> <span class='ocrx_word' id='word_1_187' title='bbox 859 3538 896 3585; x_wconf 79' lang='lat' dir='ltr'>ad</span> <span class='ocrx_word' id='word_1_188' title='bbox 909 3555 983 3602; x_wconf 83' lang='lat' dir='ltr'>qrtam</span> <span class='ocrx_word' id='word_1_189' title='bbox 999 3538 1105 3600; x_wconf 81' lang='lat' dir='ltr'>(diem)</span> <span class='ocrx_word' id='word_1_190' title='bbox 1120 3540 1167 3587; x_wconf 71' lang='lat' dir='ltr'>nisi</span> <span class='ocrx_word' id='word_1_191' title='bbox 1179 3542 1211 3588; x_wconf 85' lang='lat' dir='ltr'>ci-</span> 
     </span>
     <span class='ocr_line' id='line_1_26' title="bbox 152 3617 1211 3683; baseline -0.002 -14"><span class='ocrx_word' id='word_1_192' title='bbox 152 3635 208 3679; x_wconf 66' lang='lat' dir='ltr'>aon.</span> <span class='ocrx_word' id='word_1_193' title='bbox 221 3624 256 3670; x_wconf 82' lang='grc' dir='ltr'>Μ.</span> <span class='ocrx_word' id='word_1_194' title='bbox 268 3631 293 3667; x_wconf 83' lang='lat' dir='ltr'>et</span> <span class='ocrx_word' id='word_1_195' title='bbox 307 3622 335 3666; x_wconf 86' lang='lat' dir='ltr'>L.</span> <span class='ocrx_word' id='word_1_196' title='bbox 348 3620 456 3667; x_wconf 70' lang='lat' dir='ltr'>Uatinios</span> <span class='ocrx_word' id='word_1_197' title='bbox 475 3617 658 3683; x_wconf 74' lang='lat' dir='ltr'>eodtlllogunt.</span> <span class='ocrx_word' id='word_1_198' title='bbox 701 3630 767 3666; x_wconf 79' lang='lat' dir='ltr'>tatus</span> <span class='ocrx_word' id='word_1_199' title='bbox 785 3617 958 3682; x_wconf 68' lang='lat' dir='ltr'>mpondriset,</span> <span class='ocrx_word' id='word_1_200' title='bbox 977 3618 1063 3665; x_wconf 82' lang='lat' dir='ltr'>absens</span> <span class='ocrx_word' id='word_1_201' title='bbox 1080 3619 1211 3667; x_wconf 81' lang='lat' dir='ltr'>damnare-</span> 
     </span>
     <span class='ocr_line' id='line_1_27' title="bbox 151 3695 1209 3758; baseline -0.003 -11"><span class='ocrx_word' id='word_1_202' title='bbox 151 3699 215 3747; x_wconf 85' lang='lat' dir='ltr'>undn</span> <span class='ocrx_word' id='word_1_203' title='bbox 237 3700 273 3747; x_wconf 79' lang='grc' dir='ltr'>Μ.</span> <span class='ocrx_word' id='word_1_204' title='bbox 290 3710 315 3745; x_wconf 83' lang='lat' dir='ltr'>et</span> <span class='ocrx_word' id='word_1_205' title='bbox 333 3701 364 3746; x_wconf 85' lang='lat' dir='ltr'>L.</span> <span class='ocrx_word' id='word_1_206' title='bbox 385 3710 409 3745; x_wconf 84' lang='lat' dir='ltr'>ct</span> <span class='ocrx_word' id='word_1_207' title='bbox 433 3697 459 3744; x_wconf 87' lang='lat' dir='ltr'>C.</span> <span class='ocrx_word' id='word_1_208' title='bbox 480 3697 576 3745; x_wconf 76' lang='lat' dir='ltr'>Atinios</span> <span class='ocrx_word' id='word_1_209' title='bbox 592 3698 658 3758; x_wconf 71' lang='lat' dir='ltr'>conj.</span> <span class='ocrx_word' id='word_1_210' title='bbox 702 3708 748 3745; x_wconf 84' lang='lat' dir='ltr'>tur.</span> <span class='ocrx_word' id='word_1_211' title='bbox 760 3697 878 3746; x_wconf 79' lang='lat' dir='ltr'>Caeterum</span> <span class='ocrx_word' id='word_1_212' title='bbox 892 3695 941 3743; x_wconf 84' lang='lat' dir='ltr'>vid.</span> <span class='ocrx_word' id='word_1_213' title='bbox 952 3698 1036 3751; x_wconf 77' lang='lat' dir='ltr'>XXV,</span> <span class='ocrx_word' id='word_1_214' title='bbox 1049 3706 1080 3753; x_wconf 74' lang='lat'>4,</span> <span class='ocrx_word' id='word_1_215' title='bbox 1091 3714 1116 3745; x_wconf 90' lang='lat' dir='ltr'>n.</span> <span class='ocrx_word' id='word_1_216' title='bbox 1130 3701 1154 3746; x_wconf 83' lang='lat'>3.</span> <span class='ocrx_word' id='word_1_217' title='bbox 1163 3702 1209 3750; x_wconf 83' lang='lat' dir='ltr'>En.</span> 
     </span>
     <span class='ocr_line' id='line_1_28' title="bbox 152 3774 1211 3841; baseline 0.001 -17"><span class='ocrx_word' id='word_1_218' title='bbox 152 3776 225 3825; x_wconf 79' lang='lat' dir='ltr'>Drak.</span> <span class='ocrx_word' id='word_1_219' title='bbox 246 3776 277 3824; x_wconf 83' lang='lat' dir='ltr'>de</span> <span class='ocrx_word' id='word_1_220' title='bbox 293 3777 363 3841; x_wconf 80' lang='lat' dir='ltr'>plebe</span> <span class='ocrx_word' id='word_1_221' title='bbox 381 3793 442 3823; x_wconf 83' lang='lat' dir='ltr'>rom.</span> <span class='ocrx_word' id='word_1_222' title='bbox 467 3774 597 3835; x_wconf 85' lang='lat' dir='ltr'>homines,</span> <span class='ocrx_word' id='word_1_223' title='bbox 620 3775 659 3823; x_wconf 84' lang='lat' dir='ltr'>vel</span> <span class='ocrx_word' id='word_1_224' title='bbox 702 3776 855 3822; x_wconf 85' lang='lat' dir='ltr'>-Nomirta</span> <span class='ocrx_word' id='word_1_225' title='bbox 867 3775 1039 3830; x_wconf 54' lang='lat' dir='ltr'>&amp;tumaide</span> <span class='ocrx_word' id='word_1_226' title='bbox 1051 3776 1082 3824; x_wconf 78' lang='lat' dir='ltr'>td</span> <span class='ocrx_word' id='word_1_227' title='bbox 1093 3779 1146 3836; x_wconf 78' lang='lat'>11,</span> <span class='ocrx_word' id='word_1_228' title='bbox 1159 3779 1211 3840; x_wconf 78' lang='lat'>26,</span> 
     </span>
     <span class='ocr_line' id='line_1_29' title="bbox 151 3853 1210 3920; baseline -0.004 -18"><span class='ocrx_word' id='word_1_229' title='bbox 151 3855 273 3919; x_wconf 74' lang='lat' dir='ltr'>plebeios,</span> <span class='ocrx_word' id='word_1_230' title='bbox 294 3855 331 3903; x_wconf 86' lang='lat' dir='ltr'>vel</span> <span class='ocrx_word' id='word_1_231' title='bbox 354 3867 439 3903; x_wconf 83' lang='lat' dir='ltr'>tenues</span> <span class='ocrx_word' id='word_1_232' title='bbox 462 3866 487 3902; x_wconf 85' lang='lat' dir='ltr'>et</span> <span class='ocrx_word' id='word_1_233' title='bbox 509 3853 607 3903; x_wconf 69' lang='lat' dir='ltr'>infimos</span> <span class='ocrx_word' id='word_1_234' title='bbox 627 3857 659 3902; x_wconf 90' lang='lat' dir='ltr'>ci·</span> <span class='ocrx_word' id='word_1_235' title='bbox 702 3872 727 3902; x_wconf 91' lang='lat' dir='ltr'>n.</span> <span class='ocrx_word' id='word_1_236' title='bbox 743 3855 764 3902; x_wconf 82' lang='lat'>5.</span> <span class='ocrx_word' id='word_1_237' title='bbox 777 3853 905 3909; x_wconf 55' lang='lat' dir='ltr'>-Cimffi</span> <span class='ocrx_word' id='word_1_238' title='bbox 918 3854 1030 3918; x_wconf 79' lang='lat' dir='ltr'>pcr,td‚</span> <span class='ocrx_word' id='word_1_239' title='bbox 1032 3855 1095 3920; x_wconf 86' lang='lat' dir='ltr'>sora</span> <span class='ocrx_word' id='word_1_240' title='bbox 1107 3857 1210 3907; x_wconf 75' lang='lat' dir='ltr'>circum.</span> 
     </span>
     <span class='ocr_line' id='line_1_30' title="bbox 153 3931 1213 3999; baseline 0.001 -16"><span class='ocrx_word' id='word_1_241' title='bbox 153 3937 230 3996; x_wconf 76' lang='lat' dir='ltr'>vium3</span> <span class='ocrx_word' id='word_1_242' title='bbox 240 3934 305 3983; x_wconf 79' lang='lat' dir='ltr'>nuk.</span> <span class='ocrx_word' id='word_1_243' title='bbox 316 3961 349 3972; x_wconf 92' lang='lat'><em>-</em></span> <span class='ocrx_word' id='word_1_244' title='bbox 359 3933 479 3990; x_wconf 66' lang='lat' dir='ltr'>Minium</span> <span class='ocrx_word' id='word_1_245' title='bbox 490 3933 540 3982; x_wconf 89' lang='lat' dir='ltr'>vid.</span> <span class='ocrx_word' id='word_1_246' title='bbox 552 3951 605 3998; x_wconf 77' lang='lat' dir='ltr'>cap.</span> <span class='ocrx_word' id='word_1_247' title='bbox 619 3936 659 3991; x_wconf 85' lang='lat'>13,</span> <span class='ocrx_word' id='word_1_248' title='bbox 699 3934 762 3994; x_wconf 85' lang='lat' dir='ltr'>jecta</span> <span class='ocrx_word' id='word_1_249' title='bbox 775 3931 902 3999; x_wconf 80' lang='lat' dir='ltr'>proficisci</span> <span class='ocrx_word' id='word_1_250' title='bbox 908 3949 918 3987; x_wconf 91' lang='lat'>,·</span> <span class='ocrx_word' id='word_1_251' title='bbox 930 3931 986 3980; x_wconf 81' lang='lat' dir='ltr'>vide</span> <span class='ocrx_word' id='word_1_252' title='bbox 1000 3933 1068 3990; x_wconf 82' lang='lat' dir='ltr'>adl,</span> <span class='ocrx_word' id='word_1_253' title='bbox 1084 3943 1112 3995; x_wconf 73' lang='grc'>4,</span> <span class='ocrx_word' id='word_1_254' title='bbox 1124 3953 1150 3983; x_wconf 93' lang='lat' dir='ltr'>n.</span> <span class='ocrx_word' id='word_1_255' title='bbox 1164 3955 1191 3985; x_wconf 89' lang='lat' dir='ltr'>rr</span> <span class='ocrx_word' id='word_1_256' title='bbox 1206 3973 1213 3997; x_wconf 91' lang='lat'>,</span> 
     </span>
     <span class='ocr_line' id='line_1_31' title="bbox 153 4012 928 4072; baseline -0.004 -12"><span class='ocrx_word' id='word_1_257' title='bbox 153 4030 177 4060; x_wconf 90' lang='lat' dir='ltr'>n.</span> <span class='ocrx_word' id='word_1_258' title='bbox 190 4015 215 4063; x_wconf 84' lang='lat'>5.</span> <span class='ocrx_word' id='word_1_259' title='bbox 702 4023 728 4061; x_wconf 87' lang='lat' dir='ltr'>et</span> <span class='ocrx_word' id='word_1_260' title='bbox 738 4013 820 4072; x_wconf 76' lang='lat' dir='ltr'>m,</span> <span class='ocrx_word' id='word_1_261' title='bbox 831 4012 859 4070; x_wconf 85' lang='lat'>5,</span> <span class='ocrx_word' id='word_1_262' title='bbox 869 4027 893 4058; x_wconf 92' lang='lat' dir='ltr'>n.</span> <span class='ocrx_word' id='word_1_263' title='bbox 905 4013 928 4059; x_wconf 83' lang='lat'>3.</span> 
     </span>
    </p>

    <p class='ocr_par' dir='ltr' id='par_1_5' title="bbox 151 4090 1213 4633">
     <span class='ocr_line' id='line_1_32' title="bbox 187 4090 1210 4155; baseline 0.002 -14"><span class='ocrx_word' id='word_1_264' title='bbox 187 4093 250 4142; x_wconf 78' lang='lat' dir='ltr'>Car.</span> <span class='ocrx_word' id='word_1_265' title='bbox 262 4094 357 4140; x_wconf 80' lang='lat' dir='ltr'>xvnt.</span> <span class='ocrx_word' id='word_1_266' title='bbox 370 4107 393 4138; x_wconf 92' lang='lat' dir='ltr'>r.</span> <span class='ocrx_word' id='word_1_267' title='bbox 413 4091 477 4155; x_wconf 81' lang='lat' dir='ltr'>Quia</span> <span class='ocrx_word' id='word_1_268' title='bbox 491 4093 571 4141; x_wconf 64' lang='lat' dir='ltr'>malti}</span> <span class='ocrx_word' id='word_1_269' title='bbox 583 4091 658 4139; x_wconf 83' lang='lat' dir='ltr'>actio·</span> <span class='ocrx_word' id='word_1_270' title='bbox 739 4109 762 4139; x_wconf 69' lang='grc' dir='ltr'>α.</span> <span class='ocrx_word' id='word_1_271' title='bbox 778 4093 820 4138; x_wconf 78' lang='lat' dir='ltr'>Ex</span> <span class='ocrx_word' id='word_1_272' title='bbox 828 4090 937 4138; x_wconf 82' lang='lat' dir='ltr'>carmine</span> <span class='ocrx_word' id='word_1_273' title='bbox 948 4107 1034 4150; x_wconf 78' lang='lat' dir='ltr'>sacro,</span> <span class='ocrx_word' id='word_1_274' title='bbox 1049 4103 1095 4140; x_wconf 85' lang='lat' dir='ltr'>etc.</span> <span class='ocrx_word' id='word_1_275' title='bbox 1111 4093 1210 4144; x_wconf 76' lang='lat' dir='ltr'>vidend</span> 
     </span>
     <span class='ocr_line' id='line_1_33' title="bbox 153 4171 865 4234; baseline -0.001 -16"><span class='ocrx_word' id='word_1_276' title='bbox 153 4187 194 4219; x_wconf 80' lang='lat' dir='ltr'>nes</span> <span class='ocrx_word' id='word_1_277' title='bbox 205 4173 312 4220; x_wconf 81' lang='lat' dir='ltr'>forenses</span> <span class='ocrx_word' id='word_1_278' title='bbox 326 4183 350 4218; x_wconf 86' lang='lat' dir='ltr'>et</span> <span class='ocrx_word' id='word_1_279' title='bbox 360 4186 413 4228; x_wconf 83' lang='lat' dir='ltr'>res,</span> <span class='ocrx_word' id='word_1_280' title='bbox 427 4171 493 4230; x_wconf 83' lang='lat' dir='ltr'>lites,</span> <span class='ocrx_word' id='word_1_281' title='bbox 505 4171 659 4234; x_wconf 80' lang='lat' dir='ltr'>causae(nisi</span> <span class='ocrx_word' id='word_1_282' title='bbox 704 4175 827 4229; x_wconf 74' lang='lat' dir='ltr'>I,at‚n.</span> <span class='ocrx_word' id='word_1_283' title='bbox 839 4185 865 4232; x_wconf 88' lang='lat'>9.</span> 
     </span>
     <span class='ocr_line' id='line_1_34' title="bbox 154 4249 1210 4321; baseline 0.004 -23"><span class='ocrx_word' id='word_1_284' title='bbox 154 4250 221 4298; x_wconf 72' lang='lat' dir='ltr'>matt·</span> <span class='ocrx_word' id='word_1_285' title='bbox 238 4267 293 4298; x_wconf 87' lang='lat' dir='ltr'>curn</span> <span class='ocrx_word' id='word_1_286' title='bbox 313 4252 406 4298; x_wconf 74' lang='lat' dir='ltr'>Bnuero</span> <span class='ocrx_word' id='word_1_287' title='bbox 420 4251 530 4315; x_wconf 76' lang='lat' dir='ltr'>pecuniae</span> <span class='ocrx_word' id='word_1_288' title='bbox 547 4249 660 4306; x_wconf 81' lang='lat' dir='ltr'>creditae,</span> <span class='ocrx_word' id='word_1_289' title='bbox 740 4253 764 4300; x_wconf 80' lang='lat'>3.</span> <span class='ocrx_word' id='word_1_290' title='bbox 788 4250 880 4315; x_wconf 72' lang='lat' dir='ltr'>Scriptis</span> <span class='ocrx_word' id='word_1_291' title='bbox 900 4250 1006 4308; x_wconf 84' lang='lat' dir='ltr'>violati,</span> <span class='ocrx_word' id='word_1_292' title='bbox 1026 4268 1080 4315; x_wconf 75' lang='lat' dir='ltr'>quie</span> <span class='ocrx_word' id='word_1_293' title='bbox 1105 4254 1143 4301; x_wconf 87' lang='lat' dir='ltr'>vel</span> <span class='ocrx_word' id='word_1_294' title='bbox 1164 4256 1210 4321; x_wconf 78' lang='lat' dir='ltr'>ipsi</span> 
     </span>
     <span class='ocr_line' id='line_1_35' title="bbox 152 4328 1212 4396; baseline 0.004 -19"><span class='ocrx_word' id='word_1_295' title='bbox 152 4328 660 4396; x_wconf 75' lang='lat' dir='ltr'>jura,obligationes,equibuugerent),</span> <span class='ocrx_word' id='word_1_296' title='bbox 704 4331 767 4396; x_wconf 77' lang='lat' dir='ltr'>passi</span> <span class='ocrx_word' id='word_1_297' title='bbox 784 4341 867 4389; x_wconf 73' lang='lat' dir='ltr'>erant,</span> <span class='ocrx_word' id='word_1_298' title='bbox 889 4329 928 4377; x_wconf 83' lang='lat' dir='ltr'>vel</span> <span class='ocrx_word' id='word_1_299' title='bbox 952 4329 1006 4377; x_wconf 78' lang='lat' dir='ltr'>aliis</span> <span class='ocrx_word' id='word_1_300' title='bbox 1024 4331 1167 4391; x_wconf 76' lang='lat' dir='ltr'>intulerant3</span> <span class='ocrx_word' id='word_1_301' title='bbox 1187 4346 1212 4381; x_wconf 82' lang='lat' dir='ltr'>at</span> 
     </span>
     <span class='ocr_line' id='line_1_36' title="bbox 151 4409 1213 4474; baseline 0.001 -18"><span class='ocrx_word' id='word_1_302' title='bbox 151 4410 280 4471; x_wconf 82' lang='lat' dir='ltr'>peribant,</span> <span class='ocrx_word' id='word_1_303' title='bbox 302 4409 372 4458; x_wconf 86' lang='lat' dir='ltr'>multi</span> <span class='ocrx_word' id='word_1_304' title='bbox 394 4409 526 4474; x_wconf 78' lang='lat' dir='ltr'>perdebant</span> <span class='ocrx_word' id='word_1_305' title='bbox 548 4425 602 4466; x_wconf 73' lang='lat' dir='ltr'>eas,</span> <span class='ocrx_word' id='word_1_306' title='bbox 620 4411 661 4469; x_wconf 81' lang='lat' dir='ltr'>jus</span> <span class='ocrx_word' id='word_1_307' title='bbox 705 4409 809 4458; x_wconf 82' lang='lat' dir='ltr'>coedibm</span> <span class='ocrx_word' id='word_1_308' title='bbox 824 4409 928 4464; x_wconf 80' lang='lat' dir='ltr'>violati,</span> <span class='ocrx_word' id='word_1_309' title='bbox 944 4409 986 4471; x_wconf 88' lang='lat' dir='ltr'>qni</span> <span class='ocrx_word' id='word_1_310' title='bbox 1004 4409 1104 4457; x_wconf 78' lang='lat' dir='ltr'>alterum</span> <span class='ocrx_word' id='word_1_311' title='bbox 1117 4412 1213 4458; x_wconf 81' lang='lat' dir='ltr'>interfe-</span> 
     </span>
     <span class='ocr_line' id='line_1_37' title="bbox 155 4487 1210 4551; baseline 0.002 -17"><span class='ocrx_word' id='word_1_312' title='bbox 155 4488 304 4536; x_wconf 79' lang='lat' dir='ltr'>amittebant.</span> <span class='ocrx_word' id='word_1_313' title='bbox 326 4515 361 4524; x_wconf 86' lang='lat'><em>-</em></span> <span class='ocrx_word' id='word_1_314' title='bbox 382 4488 445 4550; x_wconf 82' lang='lat' dir='ltr'>Quia</span> <span class='ocrx_word' id='word_1_315' title='bbox 467 4504 515 4535; x_wconf 79' lang='lat' dir='ltr'>raon</span> <span class='ocrx_word' id='word_1_316' title='bbox 538 4487 661 4551; x_wconf 78' lang='lat' dir='ltr'>respoude-</span> <span class='ocrx_word' id='word_1_317' title='bbox 705 4501 798 4547; x_wconf 79' lang='lat' dir='ltr'>cerant3</span> <span class='ocrx_word' id='word_1_318' title='bbox 816 4489 890 4538; x_wconf 76' lang='lat' dir='ltr'>Drak.</span> <span class='ocrx_word' id='word_1_319' title='bbox 903 4514 939 4524; x_wconf 88' lang='lat'>—</span> <span class='ocrx_word' id='word_1_320' title='bbox 954 4487 1032 4534; x_wconf 82' lang='lat' dir='ltr'>Falsis</span> <span class='ocrx_word' id='word_1_321' title='bbox 1054 4488 1210 4546; x_wconf 80' lang='lat' dir='ltr'>testimoniis,</span> 
     </span>
     <span class='ocr_line' id='line_1_38' title="bbox 156 4565 1212 4633; baseline -0.003 -20"><span class='ocrx_word' id='word_1_322' title='bbox 156 4566 230 4624; x_wconf 74' lang='lat' dir='ltr'>bant,</span> <span class='ocrx_word' id='word_1_323' title='bbox 244 4578 351 4630; x_wconf 85' lang='lat' dir='ltr'>tempore</span> <span class='ocrx_word' id='word_1_324' title='bbox 365 4567 455 4615; x_wconf 77' lang='lat' dir='ltr'>exclusi</span> <span class='ocrx_word' id='word_1_325' title='bbox 468 4578 492 4614; x_wconf 83' lang='lat' dir='ltr'>rt</span> <span class='ocrx_word' id='word_1_326' title='bbox 501 4566 625 4627; x_wconf 77' lang='lat' dir='ltr'>absentea3</span> <span class='ocrx_word' id='word_1_327' title='bbox 636 4566 660 4614; x_wconf 89' lang='lat' dir='ltr'>in</span> <span class='ocrx_word' id='word_1_328' title='bbox 705 4568 779 4633; x_wconf 51' lang='lat' dir='ltr'>siparis</span> <span class='ocrx_word' id='word_1_329' title='bbox 788 4566 946 4623; x_wconf 56' lang='lat' dir='ltr'>adulterium</span> <span class='ocrx_word' id='word_1_330' title='bbox 956 4565 1021 4614; x_wconf 80' lang='lat' dir='ltr'>coni.</span> <span class='ocrx_word' id='word_1_331' title='bbox 1036 4580 1106 4628; x_wconf 76' lang='lat' dir='ltr'>snpra</span> <span class='ocrx_word' id='word_1_332' title='bbox 1116 4581 1170 4629; x_wconf 81' lang='lat' dir='ltr'>cop.</span> <span class='ocrx_word' id='word_1_333' title='bbox 1184 4570 1212 4628; x_wconf 79' lang='lat'>8,</span> 
     </span>
    </p>
   </div>
   <div class='ocr_carea' id='block_1_4' title="bbox 0 0 1384 5040">
    <p class='ocr_par' dir='ltr' id='par_1_6' title="bbox 0 0 1384 5040">
     <span class='ocr_line' id='line_1_39' title="bbox 0 0 1384 5040; baseline 0 0"><span class='ocrx_word' id='word_1_334' title='bbox 0 0 1384 5040; x_wconf 95' lang='lat' dir='ltr'> </span> 
     </span>
    </p>
   </div>
  </div>
 </body>
</html>
