2722 5040
166 777 288 894 ῧζὲζὲζὶῑ
385 799 478 865 Lae.
504 798 582 868 xc.
612 797 719 863 one.
746 797 848 863 mx.
877 798 957 864 xx.
1132 796 1203 881 463

141 925 204 992 Cn.
230 919 351 990 Baebio
375 916 611 1015 proconsule,
634 918 698 1013 qui
720 917 805 986 Pisis
827 915 1062 1004 hibernabat,
1085 919 1204 1014 jussus

141 1045 292 1128 praetor,
317 1044 425 1125 atque
449 1027 532 1099 inde
559 1026 756 1099 Sardiniam
779 1026 950 1120 trajicere.
975 1033 1013 1097 L.
1039 1033 1205 1100 Duronio

143 1141 306 1238 praetori,
336 1141 394 1209 cui
422 1138 606 1236 provincia
638 1136 764 1234 Apulia
790 1152 974 1224 evenerat,
1000 1138 1138 1235 adjecta
1160 1142 1206 1212 de

141 1249 421 1322 Bacchanalibus
432 1249 582 1346 quaestio
595 1262 668 1318 est:
683 1247 787 1340 cujus
800 1245 941 1316 residua
957 1249 1121 1344 quaedam
1138 1252 1208 1348 vel7

143 1375 182 1430 ut
200 1361 338 1432 semina
356 1386 400 1430 ex
419 1357 601 1456 prioribus
619 1357 722 1428 malis
736 1360 810 1451 jam
828 1359 948 1454 priore
974 1385 1070 1430 anno
1096 1386 1205 1459 appa-

142 1486 304 1543 ruerant:
319 1471 381 1543 scd
389 1471 500 1568 magis
509 1470 686 1541 inchoatae
696 1467 792 1567 apud
802 1471 839 1536 L.
850 1471 1002 1567 Pupium
1014 1485 1203 1569 praetorem

142 1582 359 1677 quaestiones
372 1593 485 1663 erant,
501 1602 610 1675 quam
625 1578 670 1649 ad
684 1579 817 1649 exitum
834 1578 947 1648 ullum
964 1580 1154 1677 perductae.
1166 1583 1206 1653 ld

144 1698 352 1787 persecare9
374 1713 509 1758 novum
529 1703 742 1786 praetorem,
767 1712 811 1757 ne
836 1706 995 1786 serperet
1013 1692 1144 1762 iterum
1158 1681 1206 1763 la-

144 1800 233 1886 tius,
251 1802 373 1869 Patres
386 1798 580 1893 jusserunt.
601 1803 645 1868 Et
660 1797 754 1894 leges
767 1797 811 1867 de
826 1797 964 1870 ambitu
982 1803 1148 1874 consules
1164 1829 1207 1874 ex

144 1909 355 1979 auctoritate
370 1921 514 1978 senatus
528 1907 571 1977 ad
583 1907 764 2006 populum
783 1906 954 1978 tulerunt.

191 2023 269 2089 XX.
291 2019 501 2115 Legationes
519 2017 649 2089 deinde
667 2019 703 2087 in
724 2032 886 2089 senatum
905 2020 1207 2094 introduxerunt:

143 2153 269 2227 regum
293 2120 453 2226 primas,
473 2130 644 2199 Eumenis
664 2143 700 2198 et
718 2125 912 2198 Ariarathis
933 2128 1155 2224 Cappadocis
1174 2147 1209 2200 et

144 2240 334 2310 Pharnacis
346 2240 502 2326 Pontici3
518 2265 585 2310 nec
603 2239 696 2309 ultra
714 2237 911 2334 quidquam
927 2239 977 2307 eis
993 2263 1207 2335 responsum

145 2365 215 2437 est,
238 2375 346 2446 quam
369 2351 561 2435 missuros,
587 2348 713 2445 quide
737 2349 986 2419 controversiis
1004 2373 1129 2418 eorum
1148 2372 1208 2419 co-

145 2480 359 2560 gnoscerent
390 2479 668 2560 statuerentque.
699 2461 1050 2534 Lacedaemoniorum
1080 2461 1210 2534 deinde

146 2574 310 2646 exsulum
323 2587 332 2616 ¹
355 2590 391 2645 et
405 2573 616 2646 Achaeorum
631 2574 737 2670 legati
751 2573 945 2644 introducti
959 2590 1060 2661 sunt;
1077 2589 1113 2645 et
1130 2599 1211 2672 spes

147 2683 227 2755 data
250 2683 435 2755 exsulibus
458 2700 533 2770 est,
557 2684 775 2781 scripturum
801 2698 963 2754 senatum
992 2683 1148 2773 Achaeis,
1171 2702 1212 2755 ut

147 2797 429 2866 restituerentur.
443 2793 562 2865 Achaei
580 2793 625 2864 de
637 2798 798 2865 Messene
816 2811 976 2892 recepta,
992 2798 1212 2894 compositis-

148 2928 220 3000 que
236 2902 288 2974 ibi
302 2903 427 2991 rebus,
446 2928 528 2975 cum
548 2909 843 2975 assensul’atrum
862 2923 1116 3003 exposuerunt.
1131 2912 1176 2978 Et
1192 2934 1212 2976 a

148 3013 315 3111 Philippo
335 3039 417 3111 rege
437 3014 677 3085 Macedonum
697 3015 771 3086 duo
793 3016 896 3113 legati
914 3032 1109 3103 venerunt,
1131 3019 1212 3088 Phi-

150 3120 257 3195 locles
278 3138 314 3194 et
331 3123 473 3221 Apelles
481 3135 507 3211 ²,
526 3124 624 3195 nulla
641 3149 749 3222 super
767 3152 825 3212 re,
844 3151 925 3223 quae
944 3125 989 3196 ab
1005 3140 1129 3197 senatu
1152 3151 1212 3224 pe·

149 3234 255 3304 tenda
270 3249 382 3305 esset:
398 3234 620 3332 speculatum
635 3237 746 3333 magis
759 3237 1043 3333 inquisitumque
1057 3236 1212 3312 misside

151 3344 213 3431 iis,
232 3370 389 3440 quorum
410 3350 558 3416 Perseus
577 3347 798 3416 Demetrium
819 3344 1056 3416 insimulasset
1076 3370 1212 3417 sermo·

151 3478 259 3540 num,
276 3478 358 3525 cum
376 3456 565 3540 Romanis,
579 3456 732 3526 maxime
751 3479 833 3525 cum
848 3459 887 3524 T.
904 3454 1071 3543 Quinti0,
1090 3453 1212 3525 adver-

151 3664 219 3728 prius
233 3663 307 3712 Drak.
319 3664 356 3713 Cf.
372 3674 453 3712 temen
467 3663 498 3711 ad
512 3666 535 3720 l,
549 3663 580 3719 3,
596 3679 621 3711 n.
635 3664 658 3711 8.
704 3662 778 3711 tentia
789 3679 844 3726 quae
854 3663 941 3720 suerit,
956 3678 1008 3710 non
1024 3674 1134 3719 constan
1148 3664 1213 3712 nuk.

152 3770 185 3780 -
196 3742 279 3790 hatto
286 3759 357 3807 proc.
371 3743 414 3807 qui
426 3741 487 3790 Pisis
499 3741 644 3788 hibernabat
649 3760 660 3799 ,·
704 3743 789 3804 Sigon.
808 3740 839 3789 de
852 3741 911 3788 Jud.
926 3744 964 3798 11,
980 3743 1021 3789 ³0.
1033 3744 1120 3805 legem
1133 3743 1215 3807 plnres

152 3821 248 3869 vidend
261 3838 314 3887 cap.
333 3839 374 3881 17,
392 3838 417 3870 n.
432 3823 456 3868 3.
470 3848 504 3857 -
519 3820 591 3885 Cujus
602 3820 660 3867 resi-
704 3822 766 3869 MSS
781 3832 806 3868 et
819 3820 875 3869 edd.
893 3832 947 3869 ante
962 3821 1019 3870 Ald.
1035 3822 1215 3880 innocentius,

152 3900 203 3948 dua
218 3902 346 3966 quadam,
359 3914 405 3950 etc.
424 3902 486 3948 sorte
498 3916 600 3964 quorum
614 3900 661 3963 leg.
702 3900 785 3962 iudice
798 3901 870 3947 etiam
885 3899 958 3947 urat.

151 3997 198 4045 pro
207 3981 289 4045 cujus,
300 3993 325 4029 et
337 3997 393 4028 mox
398 3981 453 4046 jam
463 3979 586 4043 superiore
595 3995 661 4026 auno
741 3980 798 4027 Cur.
808 3980 867 4025 XX.
881 3994 903 4026 1.
914 3980 1082 4027 Lacedaemorr.
1093 3982 1216 4040 exsulum,

151 4076 198 4124 pro
210 4060 268 4125 jam
282 4061 367 4126 priore
386 4077 426 4118 m,
448 4077 479 4107 ne
499 4058 620 4124 prioribus
638 4067 661 4105 ct
706 4068 751 4105 etc.
762 4056 816 4104 vide
826 4057 858 4105 ad
868 4059 993 4117 XXXVI,
1005 4059 1053 4117 35,
1068 4076 1092 4107 n.
1107 4067 1131 4114 4.

149 4139 233 4202 priore
242 4141 384 4203 jungantur.
399 4167 432 4176 —
447 4142 475 4186 L.
486 4138 588 4203 Pupium
599 4154 662 4200 proe-
740 4153 767 4183 α.
782 4135 899 4183 Philocles
911 4138 1095 4201 etApeIles:de
1108 4139 1152 4186 illo
1161 4140 1217 4188 vide

152 4230 247 4276 eorem,-
258 4218 489 4275 videadxxvm,
505 4218 553 4280 39,
565 4235 589 4264 n.
603 4232 625 4263 1.
706 4215 737 4261 ad
757 4216 859 4272 xant,
878 4217 924 4272 16,
935 4232 962 4264 n.
982 4232 1008 4275 1,
1022 4216 1052 4266 de
1069 4217 1118 4265 hoc
1129 4219 1217 4283 Polyb.

190 4313 214 4358 9.
237 4297 270 4343 Id
285 4313 427 4361 persecare,
449 4312 566 4353 resecare,
585 4293 663 4342 conli-
707 4296 1217 4360 xxss1‚1a,xx1V‚1.-uetis,quo-

155 4392 210 4423 cete
225 4392 292 4435 rem,
306 4393 348 4423 seu
364 4376 432 4440 quod
444 4376 500 4422 mali
514 4375 586 4435 hujus
605 4374 662 4420 resi-
708 4391 760 4420 rum
776 4375 874 4420 Perseus
893 4375 1040 4421 Demetrium
1059 4375 1219 4423 insimulasset

157 4450 231 4501 duram
240 4467 300 4504 erat.
314 4456 386 4504 Cous.
396 4455 448 4503 Cic.
461 4452 492 4501 ud
501 4454 578 4500 Attic.
589 4453 663 4510 xm,
708 4470 843 4501 sermonum
855 4470 909 4501 curu
921 4455 1049 4509 Romanis,
1063 4466 1110 4501 etc.
1124 4454 1156 4500 cl'.
1171 4458 1218 4502 Ρο-

157 4533 198 4580 23.
210 4558 243 4571 -
255 4536 327 4599 Leges
337 4534 368 4581 de
377 4534 481 4589 ambitu,
495 4547 596 4596 quarum
610 4546 664 4577 sen·
709 4533 759 4597 lyb.
774 4534 870 4590 xxw,
884 4535 908 4583 3.
921 4534 1061 4579 Sermonum
1072 4548 1118 4596 pro
1129 4547 1219 4581 sermo-
