2722 5040
179 811 249 884 560
603 813 641 878 r.
673 813 813 881 n1vu
1092 792 1217 906 53:332:

177 961 250 1033 qne
275 934 384 1005 millia
415 934 664 1031 septingentos
689 932 790 1004 duos.
818 931 993 1004 Militibus
1017 937 1055 1003 in
1082 935 1242 1030 singulos

176 1048 280 1143 quini
298 1045 383 1115 deni
408 1044 545 1115 denarii
571 1041 669 1129 dati,
697 1042 831 1140 duplex
856 1045 1082 1132 centurioni,
1108 1029 1242 1142 'triplex

177 1159 300 1253 equiti.
328 1157 440 1226 Sociis
462 1152 611 1225 dimidio
630 1154 770 1241 minus,
790 1179 899 1251 quam
921 1154 1080 1241 civibus,
1103 1155 1239 1225 datum.

176 1269 304 1361 ltaque
331 1266 449 1349 taciti,
476 1278 517 1334 ut
543 1264 652 1334 iratos
679 1288 754 1336 esse
782 1266 958 1352 sentires,
985 1266 1130 1362 sequuti
1156 1280 1242 1338 sunt

96 1452 97 1456 ,
176 1400 334 1445 currum.

223 1491 304 1556 XIV
316 1485 479 1581 (XVIII).
494 1488 591 1556 Dum
600 1486 630 1556 is
639 1485 845 1581 triumphus
853 1484 899 1557 de
907 1485 1101 1582 Liguribus
1110 1484 1237 1581 ageba·

175 1611 246 1682 tur,
254 1598 413 1693 Ligures,
425 1610 617 1692 postquam
629 1610 832 1684 senserunt,
840 1620 917 1665 non
926 1596 1152 1668 consularem
1162 1609 1240 1665 tan·

175 1721 252 1776 tum
276 1707 472 1776 exercitum
493 1710 644 1775 Romam
667 1705 884 1793 abductum,
909 1706 972 1777 sed
992 1706 1170 1804 legionem
1195 1705 1240 1776 ab

174 1819 225 1886 Ti.
242 1814 391 1886 Claudio
408 1815 493 1885 Pisis
508 1814 708 1902 dimissam,
721 1816 830 1886 soluti
844 1830 963 1902 metu,
978 1814 1069 1886 clam
1082 1817 1239 1887 exercitu

176 1925 332 2011 indicto,
352 1950 418 2021 per
435 1939 657 1995 transversos
678 1925 825 1996 limites¹
844 1927 1018 2023 superatis
1033 1924 1239 2012 montibus,

174 2038 210 2106 in
228 2060 375 2132 campos
390 2036 567 2132 degressi,
585 2059 712 2132 agrum
728 2037 972 2107 Mutinensem
988 2037 1169 2134 populati,
1185 2062 1239 2107 re·

174 2148 324 2244 pentino
341 2147 479 2242 impetu
497 2145 673 2214 coloniam
689 2147 802 2242 ipsam
822 2160 1008 2242 ceperunt.
1028 2143 1070 2214 ld
1084 2145 1149 2216 ubi
1165 2150 1238 2216 Ro-

173 2282 269 2328 mam
291 2255 437 2326 allatum
458 2270 529 2340 est,
553 2270 697 2326 senatus
714 2259 753 2326 C.
773 2255 963 2326 Claudium
978 2256 1163 2328 consulem
1177 2279 1237 2326 co·

174 2370 273 2437 mitia
288 2368 405 2464 primo
420 2389 568 2461 quoque
581 2380 746 2463 tempore
759 2365 892 2437 habere
904 2367 1025 2462 jussit,
1040 2369 1238 2464 creatisque

128 2519 142 2540 .
173 2479 211 2547 in
228 2502 365 2548 anuum
380 2475 648 2573 magistratibus
670 2477 708 2546 in
728 2477 949 2573 provinciam
967 2477 1103 2564 redire,
1125 2491 1161 2547 et
1178 2501 1238 2546 co·

174 2588 307 2658 loniam
324 2611 367 2657 ex
381 2583 545 2656 hostibus
561 2587 735 2683 eripere².
755 2592 828 2672 Ita,
849 2588 902 2657 uti
916 2588 1056 2658 censuit
1073 2600 1237 2672 senatus,

173 2700 316 2769 comitia
333 2694 464 2765 habita.
488 2695 664 2768 Consules
681 2698 812 2783 creati,
834 2701 898 2768 Cu.
917 2697 1106 2769 Cornelius
1120 2697 1238 2794 Scipio

173 2806 374 2905 Hispallus,
394 2808 437 2893 Q.
452 2805 609 2876 Petillius
630 2808 818 2903 Spurinus.
841 2811 1014 2877 Praetores
1033 2806 1118 2877 inde
1137 2804 1237 2893 facti,

172 2921 220 2986 Μ.
237 2914 409 3012 Popillius
424 2917 563 3001 Laenas,
578 2917 615 2983 P.
633 2917 790 2987 Licinius
809 2922 973 3004 Crassus,
985 2921 1034 2986 Μ.
1049 2917 1239 2988 Cornelius

173 3028 292 3125 Scipio
304 3022 331 3113 ³,
356 3029 394 3095 L.
417 3025 578 3121 Papirius
601 3030 720 3114 Maso,
741 3033 790 3098 M.
811 3025 983 3113 Aburius,
1003 3033 1043 3098 L.
1061 3027 1239 3124 Aquillius

174 3137 309 3207 Gallus.
328 3139 367 3206 C.
390 3133 540 3205 Claudio
559 3136 699 3205 consuli
720 3151 953 3235 prorogatum
969 3140 1006 3207 iu
1021 3161 1156 3209 annum
1172 3141 1237 3208 im·
1286 3229 1290 3239 Ι

173 3249 315 3344 perium
330 3261 366 3318 et
382 3245 496 3316 Gallia
510 3247 716 3344 provincia3
735 3261 790 3334 et,
805 3272 851 3319 nc
864 3250 944 3319 Istri
959 3273 1107 3345 quoque
1121 3247 1236 3337 idern,

173 3356 275 3452 quod
298 3371 333 3426 et
355 3356 523 3452 Ligures,
545 3353 723 3445 facerent,
749 3360 867 3428 socios
894 3360 1052 3429 nominis
1076 3358 1176 3429 latini
1199 3362 1237 3428 in

172 3467 312 3537 Istriam
338 3467 495 3537 mitteret
505 3468 533 3553 ⁴,
556 3491 649 3562 quos
672 3467 846 3566 triumphi
864 3493 970 3539 causa
988 3467 1032 3539 de
1056 3469 1237 3566 provincia

173 3577 389 3650 deduxisset.
420 3582 484 3648 Cn.
513 3579 682 3649 Cornelio
712 3594 748 3650 et
775 3583 818 3670 Q.
844 3579 981 3650 Petillio
1007 3578 1235 3667 consulibus,

173 3770 224 3807 turn
236 3762 304 3824 prius
314 3759 446 3824 quinarius.
458 3760 484 3808 Si
493 3760 567 3822 igitur
577 3759 607 3807 ad
617 3760 681 3807 lunc
726 3760 791 3808 an.
802 3787 837 3797 -
846 3760 987 3825 Hispallus,
1002 3760 1034 3807 al.
1046 3759 1177 3823 Hispalus,·
1186 3758 1236 3807 vid.

173 3839 290 3886 rationem
305 3839 427 3887 victoriati
445 3838 537 3898 85‚702
563 3840 681 3886 aestirnen·
725 3839 790 3887 Duk.
801 3850 825 3886 et
835 3839 910 3887 nuk.

172 3927 224 3976 tur,
239 3915 387 3975 efficientur,
399 3916 434 3964 sit
447 3917 590 3975 Creverius,
609 3918 682 3964 dena·
762 3919 786 3967 3.
798 3920 834 3965 M.
847 3917 970 3965 Cornelius
979 3918 1072 3982 Scipio,
1081 3920 1124 3982 qui
1135 3920 1168 3966 Μ.
1177 3918 1234 3966 Cor·

172 3995 203 4043 rii
228 3997 337 4054 tn,851,
358 4011 445 4042 marca
469 4005 588 4043 nostrates
608 3995 682 4059 paulo
726 3996 1020 4060 aelius,eap.15,eru.
1039 3997 1234 4047 eometiusua-

172 4074 229 4139 plus
240 4076 308 4134 669,
328 4074 405 4134 uncip
426 4083 449 4130 4.
465 4075 528 4121 Mox
541 4073 610 4138 quini
625 4074 684 4121 deni
725 4075 869 4139 laginensis,
886 4093 940 4140 cap.
953 4093 984 4135 ²7
997 4076 1102 4135 dicum
1115 4075 1181 4125 unde
1192 4094 1233 4126 co·

172 4153 270 4202 denarii
284 4153 362 4199 minus
372 4153 451 4200 unciis
461 4155 555 4217 argenti
567 4153 680 4200 nostrati·
725 4170 830 4217 gnomen
841 4156 921 4219 Scipio
934 4156 996 4204 lorte
1014 4156 1061 4205 del.
1078 4158 1151 4207 Cous.
1166 4156 1232 4205 nuk.

172 4235 219 4282 bus
236 4233 300 4281 binis
314 4232 345 4278 ab
364 4231 449 4278 eodem
465 4232 619 4280 restituantur.
635 4234 680 4278 Eo.
762 4241 786 4288 t.
818 4238 847 4281 Iu
870 4235 970 4283 Istriam
993 4235 1115 4292 mitterem
1142 4236 1233 4284 excidit

208 4316 272 4364 Cur.
287 4313 354 4359 XlV.
370 4327 390 4355 ι.
405 4312 452 4355 Per
462 4320 607 4357 transversos
619 4310 681 4357 limi·
726 4313 870 4362 mandatum
878 4334 887 4370 ,-
896 4317 961 4363 Mur.
971 4315 1020 4364 Sed
1029 4316 1114 4364 similis
1120 4315 1235 4380 ellipseos

173 4404 224 4448 αις,-
238 4389 337 4439 vidend
351 4391 391 4443 11,
403 4387 450 4448 39,
460 4403 484 4434 n.
497 4388 520 4434 3.
724 4394 834 4458 exempla
852 4393 982 4441 laudarunt
1000 4393 1054 4453 ilii,
1072 4396 1161 4451 XXX,
1182 4409 1232 4453 ²73

209 4487 233 4519 a.
246 4470 372 4518 Coloniam
381 4483 413 4514 ex
422 4465 527 4514 hostibus
536 4467 627 4528 eripere
634 4502 642 4525 ,
653 4479 681 4515 ut
724 4473 833 4528 XXXV,
846 4488 873 4519 rr
885 4490 892 4530 3
903 4475 1015 4521 XXXIX
1027 4507 1034 4532 ,
1045 4488 1074 4519 ra
1084 4489 1091 4532 ;
1102 4474 1173 4530 XLI,
1186 4473 1232 4533 1⁵5

173 4549 264 4612 eripere
273 4549 305 4596 ab
315 4548 398 4611 aliquo
407 4545 473 4610 apud
482 4546 534 4595 Cic.
544 4547 680 4606 et'l'erem,
727 4550 820 4607 XLIII,
830 4552 861 4608 6,
870 4552 900 4598 nl.
