2722 5040
542 724 557 751 0

134 753 254 867 &1:333
436 775 528 840 mn
557 773 654 841 xer.
682 770 851 839 suren.
1098 772 1167 845 533

107 910 193 959 sunt.
214 896 366 957 Lustrum
385 894 450 957 hoc
471 916 559 958 anno
575 917 594 958 a
610 893 800 957 censoribus
817 892 862 957 M.
877 891 1010 958 AEmilio
1028 895 1168 984 Lepido,

106 995 153 1060 Μ.
170 995 284 1060 Fulvio
295 994 461 1059 Nobiliore
478 994 648 1060 conditum
658 1011 715 1060 est.
728 997 831 1060 Censa
844 1011 921 1059 sunt
930 995 1049 1060 civium
1066 1000 1169 1086 capita

107 1097 247 1162 ducenta
269 1097 471 1186 septuaginta
486 1098 546 1161 tria
562 1098 678 1185 millia,
704 1096 843 1164 ducenta
859 1095 1070 1187 quadraginta
1089 1123 1169 1186 qua·

107 1216 193 1264 tuor.
212 1195 322 1289 Legati
344 1221 363 1263 a
384 1198 503 1263 Perseo
520 1197 739 1263 Macedonum
761 1220 836 1286 rege
854 1213 1030 1280 venerunt,
1053 1215 1168 1285 postu·

107 1301 226 1383 lantes,
242 1317 279 1364 ut
296 1322 353 1365 rex
372 1300 544 1388 sociusque
567 1315 600 1365 et
623 1300 745 1364 anticus
765 1323 783 1363 a
806 1314 921 1364 senatu
944 1301 1168 1388 appellaretur,

106 1401 276 1489 foedusque
298 1424 374 1466 cum
391 1424 451 1482 eo,
479 1400 661 1489 quodcum
686 1400 836 1489 Philippo
855 1418 944 1489 patre
960 1401 1029 1482 ejus
1048 1402 1170 1482 fuerat,

107 1519 330 1569 renovaretur.
355 1505 529 1593 Suspectus
546 1504 733 1591 invisusque
756 1517 824 1566 erat
841 1503 994 1568 Romanis
1012 1503 1168 1585 Perseus,

108 1627 169 1669 nee
183 1604 376 1670 dubitabant
393 1607 557 1695 plerique,
581 1606 661 1694 quin
679 1605 818 1685 bellum,
840 1627 859 1668 a
876 1605 1026 1693 Philippo
1047 1621 1096 1670 tot
1111 1629 1169 1695 per

107 1727 211 1782 annos
224 1707 358 1770 occultis
369 1708 509 1772 consiliis
523 1709 735 1785 instructum,
752 1706 809 1770 ubi
821 1705 963 1794 primum
975 1705 1107 1770 daretur
1117 1730 1172 1773 oc·

107 1808 211 1890 maio,
228 1809 376 1897 viresque
389 1811 419 1874 ei
436 1833 501 1876 suae
517 1811 592 1874 satis
606 1809 817 1898 placuissent,
834 1807 979 1872 illamrus
994 1825 1087 1873 esset.
1109 1810 1171 1874 Ta·

107 1931 202 1991 men,
219 1931 260 1974 ne
277 1912 426 1998 quietum
448 1928 481 1976 et
503 1913 589 1999 pacis
607 1901 794 1975 'studiosum
821 1909 1002 1990 lacessisse,
1020 1909 1171 1997 belloque

107 2032 237 2075 causam
254 2012 315 2100 ipsi
337 2011 462 2078 dedisse
483 2012 686 2093 viderentur,
701 2010 861 2098 postulata
877 2009 908 2074 ei
925 2031 983 2072 sua
1002 2030 1170 2074 concesse·

108 2125 196 2174 runt.
213 2112 348 2178 Perseus
361 2113 424 2178 hoc
439 2130 571 2202 accepto
588 2134 764 2199 responso,
779 2109 942 2176 firmatum
954 2109 1020 2188 jam
1034 2110 1170 2174 omnino

108 2211 170 2275 sibi
187 2233 324 2300 regnum
342 2214 546 2296 existimans,
564 2236 643 2302 opes
663 2210 752 2300 apud
768 2211 897 2277 Grecos
914 2233 1026 2298 parare
1048 2212 1169 2278 statuit.

109 2313 256 2400 Cupidus
273 2337 350 2404 ergo
367 2315 590 2404 comparandas
606 2337 720 2379 eorum
739 2313 905 2394 amicitiae,
921 2327 1085 2402 quotquot
1100 2315 1173 2379 seris

108 2416 203 2481 alieni
224 2439 319 2482 causa
342 2434 397 2483 aut
409 2417 532 2498 judicio
550 2417 694 2483 damnati
719 2417 825 2479 solum
845 2428 1024 2495 verterant,
1049 2415 1171 2502 quique

109 2518 152 2582 ob
166 2519 337 2599 majestatis
353 2520 486 2585 crimina
502 2517 692 2584 Macedonia
708 2532 930 2597 excesserant,
949 2516 1118 2581 universos
1136 2517 1171 2583 in
1255 2524 1260 2535 ‘

109 2617 332 2685 Macedoniam
348 2621 523 2703 revocavit,
537 2619 697 2685 edictis'in
711 2618 818 2683 insula
832 2619 913 2683 Delo
926 2640 963 2681 ac
976 2617 1109 2706 Delphis
1121 2667 1130 2699 ,
1141 2637 1173 2684 et

109 2717 144 2782 iu
168 2721 290 2809 templo
308 2722 422 2786 Itoniae
439 2723 592 2787 Minervae
610 2722 714 2808 palam
736 2719 931 2809 propositis,
957 2720 1077 2807 quibus
1104 2742 1171 2784 non

109 2820 209 2885 modo
228 2823 471 2911 impunitatem,
498 2823 667 2890 sedetiam
684 2823 849 2888 bonorum
872 2822 1020 2885 omnium
1042 2823 1172 2887 restitu-

110 2923 253 3005 tionem,
274 2948 349 2990 cum
374 2926 534 2992 fructibus
562 2927 603 2991 ab
629 2948 669 2992 eo
696 2941 862 3011 tempore,
886 2947 923 2988 ex
944 2944 1012 3010 quo
1035 2923 1173 3008 quisque

110 3025 286 3106 exsularet,
301 3025 513 3092 redeuntibus
528 3025 734 3095 concedebat.
753 3023 816 3091 Sed
835 3039 867 3088 et
880 3024 936 3104 iis,
949 3021 1006 3107 qui
1020 3021 1053 3083 in
1066 3021 1174 3084 Mace·

111 3121 208 3189 donia
218 3124 392 3216 degebant,
403 3129 565 3217 quidquid
576 3129 755 3193 debebatur
765 3125 854 3199 fisco,
864 3123 1007 3203 remisit;
1021 3136 1173 3185 cunctos·

69 3268 83 3283 ,
111 3245 178 3310 qne
196 3224 240 3289 ob
255 3227 378 3293 crimen
393 3230 564 3310 majestatis
576 3230 705 3294 vinctos
721 3225 877 3291 liberavit.
891 3225 951 3289 His
960 3222 1058 3286 rebus
1070 3243 1174 3308 quum

112 3325 289 3391 multorum
307 3330 432 3395 animos
452 3329 639 3408 arrexisset,
656 3326 813 3391 Graeciam
831 3325 865 3388 in
879 3347 913 3390 se
925 3323 1085 3388 convertit
1101 3346 1172 3388 om·

112 3446 207 3506 nem,
231 3443 264 3490 et
285 3450 401 3517 magna
420 3452 477 3517 spe
496 3427 650 3514 implevit.
674 3426 763 3508 Quin
785 3426 882 3488 etiam
905 3425 938 3488 in
959 3439 1029 3489 toto
1044 3425 1174 3512 reliquae

111 3527 183 3591 vitae
197 3526 288 3589 cultu
301 3528 420 3615 regiam
435 3528 623 3617 dignitatem
640 3528 801 3591 tuebatur.
821 3526 904 3590 Nam
919 3540 951 3588 et
968 3525 1090 3612 species
1107 3545 1175 3591 erat

112 3626 262 3708 honesta,
279 3642 312 3691 et
326 3650 445 3715 corpus
460 3627 502 3693 ad
516 3629 624 3693 omnia
640 3628 715 3693 belli
731 3628 883 3716 pacisque
899 3626 1009 3691 munia
1022 3626 1174 3693 obeunda
1270 3630 1276 3643 “

112 3728 252 3794 validum
262 3746 294 3793 et
306 3729 429 3811 habile,
443 3746 475 3795 et
485 3731 602 3795 frontis
614 3754 652 3797 ac
663 3730 824 3820 supercilii
838 3728 954 3793 decora
968 3742 1100 3792 maturae
1109 3727 1173 3808 jam

111 3831 195 3894 aetati
212 3831 367 3912 majestas.
384 3832 473 3898 Nihil
483 3831 517 3896 in
529 3855 569 3897 eo
581 3849 720 3920 paternae
732 3832 882 3911 lasciviae,
892 3831 1069 3917 effusaeque
1080 3830 1114 3895 in
1125 3851 1176 3897 ve·

114 3954 223 3996 nerem
243 3951 276 3998 et
293 3935 367 3998 vina
385 3933 538 4000 libidinis.
554 3935 613 4000 llis
631 3932 781 4000 laudibus
795 3935 933 3998 Perseus
949 3931 1040 3995 initia
1060 3932 1176 4019 princi·

112 4049 207 4118 patus
220 4034 481 4116 commendabat,
494 4034 581 4100 haud
594 4058 685 4124 pares
699 4034 834 4121 inceptis
845 4016 994 4099 habituia
1007 4033 1121 4099 exitus.

158 4133 246 4220 (111).
263 4137 444 4224 Antequam
456 4152 609 4229 pretores
622 4137 723 4224 ii,qui
735 4135 904 4222 Hispanias
916 4134 1021 4200 sortiti
1030 4133 1175 4212 fuerant,

114 4235 145 4296 in
165 4237 344 4321 provincias
362 4238 527 4320 venirent,
549 4259 737 4327 magnares
754 4236 800 4301 ibi
814 4252 910 4325 gestae
926 4252 1003 4301 sunt
1025 4235 1174 4300 aPostu·

149 4433 207 4498 bll-
221 4432 339 4496 Ill-¹1¹2
355 4436 401 4494 5⁸3
411 4435 522 4500 Epitome
535 4445 603 4485 vetus
614 4435 815 4498 xm,eth.1ib.
831 4452 903 4501 capp.
919 4451 949 4499 9,
964 4435 1011 4489 263
1032 4432 1130 4490 astu,
1145 4447 1178 4486 α,

116 4518 227 4590 sam,
240 4535 266 4580 o·
279 4546 312 4554 -
325 4519 375 4570 su.
390 4519 480 4584 osaeq.
494 4517 1008 4585 as.-r01yh.1txeerpt.devin.ervn.
1021 4516 1115 4563 xxvi.
