2722 5040
167 833 290 934 titi:
339 853 434 919 Lus.
461 849 679 919 xxxvsn.
707 848 812 916 css.
840 848 973 915 Lv111.
1001 848 1098 914 mx.
1138 844 1203 919 311

142 980 193 1045 Et
215 971 350 1043 bellum
373 972 520 1068 quidem
549 977 599 1042 ita
617 985 759 1066 gestum
786 992 879 1053 esse,
901 983 943 1038 ut
957 993 1003 1039 ne
1013 970 1209 1059 fortunam

142 1083 293 1181 quidem
317 1087 510 1179 quisquam
540 1085 727 1152 criminari
738 1084 866 1176 possit.
893 1084 939 1148 In
954 1103 1051 1177 pace
1075 1084 1210 1150 crimen

142 1197 288 1290 quatri:
322 1217 404 1263 eam
433 1193 507 1263 dici
524 1197 676 1262 venisse.
698 1194 769 1260 Hic
793 1189 915 1261 decem
944 1189 1077 1286 legatos
1102 1189 1215 1260 simul

143 1307 253 1398 argui
259 1355 269 1387 ,
288 1326 444 1399 quorum
465 1326 513 1372 ex
533 1300 681 1372 consilio
699 1302 788 1371 dato
800 1324 883 1397 pax
903 1315 1002 1370 esset.
1029 1303 1129 1392 Quin
1149 1325 1211 1371 eoc-

142 1418 271 1483 stitisse
299 1437 348 1482 ex
372 1412 496 1483 decem
519 1411 663 1508 legatis,
687 1416 753 1508 qui
780 1400 849 1479 Cn.¹
862 1408 1044 1480 Manlium
1065 1435 1211 1481 accusa-

144 1538 242 1593 rent:
260 1538 382 1593 tamen
401 1547 475 1593 non
493 1523 602 1593 modo
617 1521 671 1592 ad
681 1520 964 1616 criminisfidem
974 1522 1001 1607 ⁴,
1022 1521 1091 1592 sed
1104 1545 1150 1591 ne
1162 1522 1215 1590 ad

145 1657 288 1703 moram
305 1633 452 1730 quidem
472 1631 648 1729 triumphi
663 1655 745 1701 eam
763 1637 1027 1711 accusationem
1040 1630 1210 1702 valuisse.

184 1744 275 1812 LIX.
294 1745 365 1827 At,
388 1741 563 1827 Hercule,
586 1747 623 1810 in
639 1743 805 1836 Scipione
820 1745 916 1837 ipsm
930 1740 1023 1836 leges
1032 1747 1154 1838 pacis,
1175 1756 1215 1810 ut

145 1856 299 1921 nimium
311 1851 603 1922 accommodatas
612 1850 814 1936 Antioche,
828 1866 1009 1947 suspectas
1019 1876 1104 1922 esse.
1116 1857 1212 1921 Inte·

142 1984 250 2056 grum
269 1966 365 2030 enim
383 1967 420 2032 ei
435 1985 585 2056 regnum
599 1959 783 2029 relictum:
798 1966 922 2030 omnia
927 1961 1117 2057 possidere
1130 1986 1212 2031 eum

145 2076 302 2157 uictttm,
316 2094 403 2169 quse
418 2086 503 2142 ante
519 2069 652 2140 bellum
666 2072 915 2165 ejussuerint:
930 2078 1014 2142 auri
1026 2087 1063 2142 et
1076 2078 1216 2167 argenti

146 2205 261 2278 quum
276 2186 361 2252 vim.
374 2205 547 2277 magnam
567 2179 769 2267 habuisset,
789 2179 883 2251 nihil
900 2187 936 2250 in
946 2180 1140 2279 publicum
1157 2206 1212 2251 re-

147 2289 276 2379 latm,
301 2316 409 2361 omne
430 2297 469 2361 in
491 2297 674 2388 privatum
696 2301 879 2362 versum¹.
900 2294 963 2361 An
986 2315 1058 2361 non
1078 2307 1218 2388 praeter

147 2406 310 2473 omnium
338 2400 459 2471 oculos
481 2416 621 2471 tantum
643 2409 728 2472 auri
746 2407 956 2498 argentique
977 2408 1021 2484 in
1035 2401 1213 2498 triumpho

148 2516 189 2582 L.
209 2514 400 2609 Scipionis,
419 2527 597 2608 quantum
619 2537 692 2583 non
713 2512 835 2582 decem
854 2510 935 2582 aliis
955 2511 1161 2608 triumphis,
1183 2518 1216 2581 si
1310 2592 1313 2597 ¹

151 2646 258 2692 omne
275 2628 314 2692 in
332 2647 446 2692 unum
463 2623 687 2712 conseratur,
706 2628 755 2692 sit
773 2620 912 2692 latum?
929 2626 1029 2694 Nom
1054 2621 1146 2716 quid
1169 2621 1215 2690 de

138 2732 284 2827 finibus
303 2738 406 2828 regni
421 2730 569 2802 dicam?
584 2735 715 2802 Asiam
736 2756 878 2803 omnem
899 2714 1121 2827 [proxima
1137 2733 1214 2799 Eu·

149 2866 249 2939 ropoe
267 2847 421 2913 tenuisse
435 2843 680 2913 Antiochum?
693 2846 752 2912 Ea
770 2858 909 2939 quanta
922 2849 1019 2936 regio
1034 2841 1130 2912 orbis
1150 2857 1216 2912 ter·

150 2976 273 3022 rorum
292 2958 356 3035 sit,
379 2977 403 3020 a
426 2956 546 3023 Tauro
566 2969 688 3023 monte
709 2958 747 3024 in
760 2959 931 3049 AEgoeum
950 2977 1064 3050 usque
1075 2958 1215 3049 promi·

151 3085 238 3132 nens
264 3085 384 3147 mare,
413 3078 503 3158 quot
524 3087 598 3132 non
621 3061 727 3133 urbes
754 3063 883 3146 modo,
907 3063 974 3134 sed
989 3078 1112 3159 gentes
1132 3087 1214 3132 am·

143 3169 341 3266 plectatur,
362 3195 485 3241 omnes
506 3177 604 3242 scire.
626 3176 734 3243 Hanc
753 3179 955 3268 regionem,
977 3173 1117 3242 dierum
1130 3171 1215 3268 plus

151 3285 294 3375 triginta
314 3286 352 3352 in
372 3280 629 3375 longitudinem
640 3292 668 3367 ²,
691 3281 814 3353 decem
834 3280 1018 3353 interduo
1041 3284 1159 3351 maria
1177 3285 1215 3348 in

188 3571 213 3618 t.
227 3563 284 3611 Non
300 3563 373 3611 modo
388 3578 440 3611 non
453 3564 490 3610 ad
507 3564 612 3612 crimmis
623 3565 660 3630 fi·
705 3564 789 3629 Scipio
813 3565 853 3611 hic
873 3564 954 3631 omnin
972 3573 1109 3625 enggem.
1124 3585 1136 3602 »ι
1149 3558 1216 3609 oter.

153 3641 221 3698 dense
231 3641 287 3689 vide
297 3641 330 3689 ad
342 3644 354 3690 1
364 3675 372 3698 ‚
384 3648 431 3700 lo,
445 3658 471 3691 n.
486 3659 507 3690 1.
704 3670 739 3680 —
753 3645 872 3692 Ceterum
888 3651 972 3688 monet
984 3640 1107 3688 Drakenb.
1118 3656 1214 3705 μηρο-

186 3723 246 3770 Cn.
258 3722 325 3768 ux.
340 3736 361 3769 ι.
376 3720 446 3770 Nihil
455 3721 610 3786 inpudlieum
623 3737 660 3767 m·
703 3722 817 3770 ultionem
826 3721 851 3769 in
861 3731 966 3784 utroque
976 3720 1034 3767 loco
1045 3720 1153 3768 abessen
1163 3720 1213 3784 pn·-

152 3800 241 3856 utun,
266 3815 336 3846 omne
359 3800 384 3847 in
402 3799 526 3864 prisonem
544 3814 662 3855 versum,¹
704 3799 817 3850 eeieedd.
827 3800 950 3848 Videntur
968 3800 1062 3849 librarii
1080 3816 1133 3848 eam
1144 3811 1212 3848 ntro·

151 3877 208 3926 vide
219 3877 252 3926 ad
265 3880 346 3940 ll,9‚
360 3894 386 3926 n.
402 3882 427 3939 4.
704 3881 780 3946 bique
795 3878 878 3928 dedite
897 3895 971 3943 open
990 3879 1120 3937 delevisse,
1137 3892 1165 3928 ut
1182 3883 1216 3929 ita

187 3973 211 4005 α.
233 3959 306 4006 lianc
329 3956 469 4022 regionem,
491 3957 584 4004 dionem
605 3958 660 4020 plus
701 3964 851 4023 iungerent:
868 3958 990 4023 regionem
998 3971 1123 4023 patentem
1136 3961 1216 4025 longi·

152 4035 268 4100 triginta,
286 4037 431 4086 emiterno
446 4037 510 4084 viem
521 4036 546 4084 in
557 4037 661 4101 longita-
705 4037 813 4085 tudinem
833 4036 927 4085 dierunt
941 4039 999 4103 plus
1022 4038 1135 4104 triginta,
1158 4040 1216 4103 quin

151 4115 661 4181 dinem,etc.«iortevtgintiprotn'ginta,
706 4115 850 4180 dieplicebnt
866 4114 958 4180 ellipsis
977 4129 1104 4182 patentem
1121 4118 1215 4166 diemm

151 4204 178 4241 ut
189 4195 221 4243 sit
232 4194 307 4260 duple
321 4195 384 4243 mio
397 4195 559 4259 longitudinis
568 4196 599 4243 ad
608 4196 661 4244 leti·
701 4195 759 4259 plus
773 4194 886 4260 triginta,
906 4196 959 4245 soil.
970 4197 1025 4257 iter,
1035 4198 1072 4244 vel
1082 4199 1145 4246 viem
1154 4198 1214 4261 (vid.

150 4273 276 4321 tudinem:
293 4290 431 4339 quanquam
451 4290 481 4321 ne
500 4274 548 4322 hoc
563 4274 662 4337 quidem
705 4275 806 4322 inferius
825 4274 892 4340 qnod
908 4276 939 4324 de
960 4292 1020 4325 voce
1037 4277 1089 4324 dies
1104 4289 1215 4325 notatum

150 4367 234 4399 veum
243 4364 288 4402 est.
298 4352 423 4416 Siquidem
433 4352 587 4412 Herodotus,
595 4353 639 4402 lib.
651 4357 661 4401 l
706 4353 761 4419 eet).
776 4356 875 4418 Optime
884 4365 964 4404 temen
975 4355 1172 4420 praepositionem
1184 4370 1214 4400 ex

151 4441 176 4477 et
189 4432 227 4488 ΙΙ,
239 4432 304 4480 Ante
322 4431 396 4492 hujus
408 4430 559 4479 latitudinem
575 4448 589 4478 a
606 4432 662 4481 Cili·
706 4431 850 4480 membranis
864 4434 915 4480 suis
934 4434 1080 4482 addiderunt
1089 4434 1216 4497 Mogonti-

151 4509 192 4555 oio
200 4510 260 4557 mari
270 4509 302 4557 nd
308 4520 414 4573 pontum
423 4511 545 4559 Euxinum
554 4511 662 4574 quinque
706 4513 741 4559 ni.
750 4514 765 4561 J
768 4516 840 4561 nstin.
851 4516 883 4572 ll,
893 4514 1032 4571 n,mnltnm
1043 4513 1069 4558 in
1083 4509 1216 4575 longitnai·

152 4587 244 4636 dierusn
271 4589 316 4636 iter
341 4588 457 4653 expedito
480 4590 545 4638 lacit.
571 4591 661 4639 Verum
707 4606 760 4639 nem
780 4603 805 4639 et
823 4592 976 4642 latitudinem
991 4600 1071 4654 patet.
1091 4592 1170 4637 Ceut
1187 4587 1216 4634 de
