2722 5040
169 758 243 834 ‘512
599 764 639 830 r.
673 766 811 833 mvii
1087 742 1212 857 ῢὶἓζὲζὲῖ

176 894 374 971 Romanos,
399 883 556 979 fortique
579 908 620 954 ac
642 881 739 955 fideli
766 908 876 981 opera
901 883 1024 954 multis
1052 881 1139 954 locis
1161 907 1237 953 rem

177 1019 361 1068 romanam
378 993 526 1090 adjuvit.

213 1113 265 1178 ¹1..
281 1108 428 1202 Ergavia
442 1101 545 1188 inde,
560 1102 692 1173 nobilis
709 1119 745 1174 et
761 1118 891 1200 potens
907 1104 1029 1174 civitas
1047 1115 1071 1191 ¹,
1085 1103 1240 1173 aliorum

179 1219 271 1289 circa
295 1216 513 1314 populorum
533 1212 693 1284 cladibus
714 1217 853 1298 territa,
875 1229 997 1311 portus
1011 1213 1150 1311 aperuit
1166 1217 1240 1283 Ro-

178 1329 302 1398 manis.
324 1329 411 1394 Eam
438 1322 660 1393 deditionem
681 1322 923 1421 oppidorum²
939 1322 1038 1393 haud
1062 1347 1144 1394 cum
1167 1321 1238 1393 fide

179 1434 326 1518 saetam,
341 1431 488 1530 quidam
504 1447 668 1502 auctores
685 1429 791 1502 sunt³
806 1461 813 1502 :
830 1458 850 1504 e
870 1458 942 1530 qua
959 1435 1106 1531 regione
1126 1432 1240 1503 abdu-

177 1548 285 1617 xisset
299 1543 474 1640 legiones,
491 1543 674 1640 extemplo
689 1541 773 1614 inde
786 1542 1018 1628 rebellatum,
1034 1567 1240 1640 magnoque

175 1679 258 1726 eum
277 1670 401 1752 postea
420 1653 542 1750 prrelio
561 1654 604 1724 ad
624 1669 786 1724 montem
802 1652 1018 1724 Chaunuml
1032 1678 1113 1724 cum
1131 1654 1241 1725 Celti-

176 1763 273 1836 beris
290 1790 309 1835 a
325 1767 440 1860 prima
452 1762 533 1834 lucc
547 1763 592 1833 ad
606 1778 741 1833 sextam
756 1761 882 1833 horam
896 1762 968 1833 diei
981 1764 1089 1859 signis
1103 1760 1241 1832 collatis

177 1898 374 1972 pugnasse,
391 1871 523 1943 multos
543 1874 727 1969 utrimque
748 1871 936 1943 cecidisse:
960 1897 1029 1943 nec
1052 1870 1147 1942 aliud
1170 1895 1242 1942 ma·

178 1981 377 2082 gnoperc5,
400 2007 446 2052 ne
466 1984 578 2052 victos
600 1981 783 2066 crederes,
803 1980 929 2054 fecisse
951 1987 1148 2066 Romnum,
1172 1983 1241 2052 nisi

180 2280 204 2315 et
216 2269 326 2315 Gronov.
342 2263 407 2323 conj.
422 2263 503 2327 piguit
513 2264 637 2327 respicere.
652 2267 688 2311 tn
733 2267 802 2330 cileg.
820 2267 924 2317 crinin
936 2263 1049 2329 Thucyd.
1066 2274 1091 2310 et
1110 2263 1163 2309 Liv.
1184 2263 1243 2310 Ura·

179 2363 238 2394 vero
249 2345 361 2400 vulnera,
374 2342 431 2391 huic
443 2344 499 2391 loco
510 2359 524 2390 a
535 2343 641 2391 librariis
652 2344 689 2390 in·
733 2347 811 2393 tislav.
828 2348 902 2405 1817,
915 2361 969 2409 pag.
987 2360 1025 2403 17,
1036 2343 1088 2390 haec
1100 2341 1241 2389 annotavit:

180 2424 258 2482 illota,
271 2423 380 2471 nondum
390 2433 471 2471 sonata
480 2423 601 2471 videntur.
616 2451 650 2460 -—
660 2426 689 2470 In
733 2447 745 2467 α
755 2425 835 2488 Quid,
847 2425 867 2473 si
881 2425 1038 2480 scriberetur,
1053 2421 1169 2486 quoniam
1187 2419 1242 2468 illos

178 2503 281 2570 epistola
300 2504 324 2551 J.
340 2504 369 2548 Τ.
381 2503 537 2567 Kreyssigh„
550 2519 604 2564 quae
622 2519 690 2550 acce·
734 2504 804 2552 adire
809 2503 962 2568 propositum
972 2501 1089 2566 suspicor,
1100 2500 1192 2547 scilicet
1200 2533 1207 2557 ,
1215 2499 1242 2545 in

180 2581 216 2629 dit
234 2581 304 2645 operi
326 2580 392 2643 quod
408 2597 473 2627 anno
490 2583 554 2628 1822
566 2615 574 2640 ,
586 2584 690 2628 Franco·
733 2582 880 2634 luculentius
894 2582 951 2634 fidei
964 2592 1072 2630 recenter
1085 2580 1148 2627 datae
1165 2577 1243 2625 docu-

181 2663 239 2708 Iurti
252 2660 284 2707 ed
296 2661 420 2716 lrloenum,
431 2660 507 2707 edidit
519 2663 605 2708 I'mnc.
619 2659 690 2709 Goel·
734 2666 862 2712 mentum?
874 2687 886 2705 ιι
907 2665 953 2711 un.

180 2729 224 2789 lei.
233 2755 306 2803 super
315 2739 377 2786 libro
388 2741 503 2786 XXXIII
514 2739 588 2798 livii,
603 2739 691 2803 legitur
769 2743 832 2791 Cn,
846 2747 873 2792 L,
888 2759 911 2791 ι,
929 2740 1037 2805 Ergart'a
1056 2737 1143 2786 nobilis
1160 2748 1185 2783 et
1197 2753 1243 2800 po·

181 2835 236 2884 pag.
251 2819 315 2874 ⁴68,
330 2818 500 2874 Benedictum,
514 2818 628 2866 Obss.sd
638 2820 689 2866 LIv.
735 2834 785 2869 tens
807 2821 909 2869 ciritae:
932 2836 987 2867 cum
1009 2819 1092 2881 Sigon.
1110 2828 1136 2864 et
1155 2815 1243 2864 Cellm:

185 2899 248 2947 llist.
269 2914 330 2945 rom.
348 2908 411 2962 pert.
429 2899 461 2954 V,
483 2899 586 2961 Torgav.
609 2899 689 2958 1807,
735 2902 825 2965 Geogr.
836 2903 894 2949 Ant.
909 2902 946 2956 ll,
963 2895 1135 2960 1,legendum
1147 2894 1243 2943 ridetur

182 2995 238 3044 pag.
251 2994 267 3041 9
282 2989 306 3025 et
320 2993 387 3040 seqq.
406 2979 432 3023 in
447 2976 496 3023 hoc
513 2977 569 3024 loco
583 2980 625 3040 qui
638 2994 689 3025 non
733 2980 872 3046 Ergavica,
897 2995 951 3043 quae
973 2977 1045 3026 nohis
1066 2975 1243 3024 Celtiberorum

181 3059 229 3105 nisi
236 3057 308 3105 codd.
318 3073 365 3120 ope
373 3059 478 3121 reparari
487 3057 565 3121 possit
572 3092 579 3114 ,
586 3058 689 3106 oliorum
733 3060 792 3108 urbs
802 3059 828 3107 h.
840 3060 857 3106 1.
868 3059 956 3122 aptior,
963 3073 1036 3120 quam
1045 3056 1147 3104 obscum
1155 3056 1245 3101 Vasco·

182 3137 328 3199 conjecturis
346 3152 412 3183 suam
435 3135 572 3183 addidisse:
587 3159 597 3179 ι
611 3137 688 3195 triti,
733 3155 792 3185 num
803 3138 918 3203 Ergavia.
930 3138 1001 3186 Conl'.
1012 3137 1076 3184 Ptol.
1089 3147 1114 3185 et
1124 3133 1201 3182 Hard.
1212 3133 1244 3180 ad

182 3217 277 3280 inquit,
294 3216 320 3262 in
340 3225 444 3262 mentem
461 3216 542 3273 veuit,
562 3216 624 3264 sorte
642 3217 690 3279 legi
732 3217 885 3274 Ptin.111‚3
900 3234 941 3265 seu
956 3225 978 3273 4.

181 3309 266 3360 posse:
280 3295 396 3358 quomam
408 3295 446 3342 illi
453 3312 500 3343 tros
513 3295 549 3342 ad
561 3312 598 3343 me
604 3295 690 3360 prohi-
769 3314 793 3345 2.
803 3299 866 3344 Eam
876 3295 1022 3343 deditionem
1033 3293 1177 3358 oppidorum
1187 3309 1244 3340 ceu-

183 3373 376 3439 bentenscipere,
387 3374 412 3423 h.
422 3391 443 3421 e.
454 3375 568 3438 quonism
581 3375 618 3422 illi
627 3387 691 3423 vete·
735 3390 786 3426 tum
796 3377 877 3424 trium.
890 3377 962 3425 Cous.
972 3391 1027 3440 cup.
1038 3382 1071 3436 49
1081 3390 1119 3439 pr.

183 3472 220 3503 res
242 3455 304 3502 socii
323 3456 371 3501 mei
390 3453 479 3502 nolunt
499 3455 645 3512 concedere,
664 3468 692 3503 ut
772 3458 796 3505 3.
808 3454 914 3519 Quidam
926 3466 1038 3503 auctores
1053 3465 1110 3500 sunt
1117 3472 1127 3510 ,·
1142 3452 1199 3500 ride
1213 3451 1245 3499 ad

184 3551 228 3582 ros
243 3535 269 3581 in
285 3534 384 3597 regione
401 3549 452 3580 mea
466 3535 595 3598 suscipiam
611 3546 635 3582 et
649 3551 692 3581 ro·
736 3539 777 3595 ΙΙ,
792 3538 839 3592 58,
851 3551 877 3582 u.
895 3551 917 3581 ι.

186 3615 278 3661 biscum
291 3598 457 3677 conjungati.
468 3615 559 3662 Verum
572 3625 651 3662 temen
667 3617 693 3661 in
773 3626 797 3673 4.
813 3614 855 3662 Ad
863 3625 966 3661 montem
981 3612 1123 3668 Chaunum
1136 3612 1167 3658 el.
1181 3611 1245 3659 Cau-

184 3693 223 3740 liis
243 3710 352 3756 quoque,
372 3706 398 3741 ut
410 3693 524 3741 observat
534 3693 692 3759 Kreyssigh.,
736 3712 805 3750 num,
823 3695 885 3741 sorte
898 3691 982 3740 Caium
993 3691 1062 3756 (vid.
1075 3691 1138 3739 Mela
1152 3689 1183 3737 ad
1192 3693 1247 3749 111,

184 3773 301 3820 sermonis
317 3773 410 3819 Liviani
426 3773 518 3837 puritas
534 3783 558 3820 et
577 3773 694 3836 elegenda
741 3775 855 3837 1,ibique
866 3767 1135 3835 Voss.),quemhodic
1153 3771 1248 3818 Monte·

183 3867 235 3898 non
250 3851 330 3898 minus
343 3851 505 3911 desideratur,
519 3869 591 3916 quam
605 3853 630 3899 iu
644 3868 691 3899 cte·
735 3853 791 3918 cajo
801 3853 849 3900 dici
857 3863 952 3916 putant.

184 3930 240 3977 teris
259 3930 418 3994 interpretum
439 3933 593 3993 conjecturis.
614 3932 693 3980 Addit
772 3935 795 3982 5.
807 3933 858 3979 Nec
871 3932 942 3979 alind
950 3945 1110 3994 magnopere,
1126 3929 1246 3977 revictos

184 4008 248 4056 idem
254 4024 305 4055 non
314 4009 392 4056 videri
400 4028 449 4058 rem
461 4029 507 4059 scu
518 4013 624 4076 tetigisse
630 4011 693 4059 Tril-
737 4012 857 4068 crederes,
872 4011 963 4075 secisse
982 4012 1102 4058 Romanos
1116 4010 1126 4075 (
1134 4026 1180 4059 nec
1199 4011 1245 4058 alia

185 4088 275 4142 lerum,
292 4088 362 4147 cujus
375 4102 510 4137 commenta
522 4092 546 4137 in
561 4092 613 4151 ejus
622 4091 693 4139 Obss.
738 4107 764 4139 re
777 4091 842 4138 visos
856 4090 928 4139 luisse
938 4094 1062 4138 Romanos
1073 4090 1182 4151 potiores
1191 4089 1240 4152 )..

186 4166 246 4216 Crit.
259 4167 311 4223 111,
325 4168 421 4230 8,peg.
439 4172 504 4227 183,
516 4169 630 4231 leguntur
644 4180 667 4217 et
680 4185 694 4216 n
738 4171 855 4236 legerint,
867 4187 899 4218 ex
909 4169 1003 4218 emend.
1016 4171 1124 4217 Gronov.
1134 4180 1158 4216 et
1170 4170 1247 4219 nni.

188 4244 398 4299 Drakenborclrio,
413 4245 438 4292 id
453 4247 519 4308 quod
534 4247 693 4295 Benedictum
737 4266 783 4315 pro
794 4250 859 4314 vulg.
870 4267 914 4297 nec
923 4269 947 4297 a.
960 4267 991 4297 m.
1001 4245 1187 4311 victoresfm'sse
1200 4253 1246 4297 Ilo-

186 4325 294 4388 aliosque
304 4323 387 4380 latuit,
397 4325 421 4370 in
431 4325 559 4372 Addendis
569 4337 593 4373 et
604 4328 693 4374 limen·
738 4346 834 4376 rnanos.
843 4362 862 4374 ..
876 4329 966 4394 legisse.
981 4329 1010 4377 In
1021 4329 1066 4376 MS
1079 4331 1153 4378 unico
1165 4347 1209 4377 nee
1221 4346 1246 4378 a.

188 4402 274 4451 dandis
287 4415 304 4450 t.
314 4405 376 4460 vu,
395 4419 452 4468 pag.
466 4405 528 4461 438,
547 4420 694 4453 commemo·
738 4426 771 4457 m.
790 4406 882 4456 berbice
900 4400 1092 4466 crederesfuisse
1107 4405 1245 4459 Romanos,

186 4493 284 4540 rantum
295 4483 538 4545 nequeLiudnrium,
550 4485 629 4548 quiin
641 4488 694 4549 Spi·
738 4488 785 4535 nisi
797 4486 840 4550 qni
851 4495 949 4548 postero
966 4482 1005 4529 die
1024 4483 1176 4531 arcessierirrt
1194 4499 1249 4533 ma-
