2722 5040
153 733 200 806 56
579 739 616 804 s.
650 738 781 805 mvn
853 775 856 779 .
1049 716 1195 837 ¹,¹1:333ss

150 861 196 928 sis
210 857 308 927 ultro
323 855 369 927 ad
382 854 614 954 Diophanem
629 871 821 956 pretorem
835 857 1048 930 Achaeorum
1063 859 1219 949 nuntiis,

148 968 341 1064 pecuniam
367 980 514 1065 pactus,
540 967 693 1039 insulam
719 967 856 1041 Achaeis
885 969 1041 1041 tradidit.
1062 969 1105 1041 Id
1128 994 1221 1067 prae-

148 1079 265 1172 minm
291 1077 379 1150 belli
406 1102 512 1149 suum
540 1102 637 1165 esse,
662 1103 807 1177 aequum
835 1079 1032 1151 censebant
1056 1083 1220 1153 Romani.

148 1193 235 1261 Non
261 1195 358 1260 enim
382 1187 448 1258 Μ’.
467 1187 628 1260 Acilium
652 1188 834 1261 consulem
851 1189 1080 1288 legionesque
1096 1214 1221 1262 suma·

149 1324 217 1371 nas
234 1301 423 1398 Diophani
436 1316 472 1370 et
484 1301 634 1372 Achaeis
652 1300 706 1371 ad
724 1300 983 1399 Thermopylas
994 1311 1006 1343 ¹
1018 1325 1219 1399 pugnasse.

147 1408 359 1508 Diophanes
378 1411 549 1482 adversus
566 1409 641 1482 haec
659 1435 814 1510 purgare
832 1411 1017 1484 interdum
1035 1436 1112 1484 sese
1130 1435 1219 1510 gen·

147 1533 317 1616 temque3
344 1519 528 1591 interdum
558 1519 604 1591 de
632 1522 714 1617 jure
744 1519 828 1592 iacti
850 1521 1038 1594 disserere.
1060 1522 1219 1614 Quidam

146 1630 363 1703 Achaeorum
387 1646 422 1704 et
448 1631 552 1702 initio
576 1654 716 1703 samse
741 1656 820 1704 rem
849 1631 1084 1730 adspernatos
1110 1646 1218 1705 testa·

146 1739 300 1829 bantur,
322 1757 359 1814 et
381 1755 469 1813 tunc
490 1742 725 1839 pertinaciam
748 1740 1014 1841 increpitabant
1031 1743 1219 1840 praetoris3

147 1850 433 1950 auctoribusque
452 1851 493 1922 iis
511 1850 699 1922 decretum
716 1865 790 1941 est,
810 1866 851 1925 ut
869 1857 908 1924 T.
928 1854 1082 1946 Quintio
1100 1877 1141 1924 ea
1159 1878 1219 1926 res

146 1963 432 2061 permitteretur.
464 1966 549 2033 Erat
585 1963 782 2052 Quintius,
819 1964 912 2034 sicut
946 1960 1221 2034 adversantibus

146 2097 264 2173 asper,
282 2075 353 2161 ita,
379 2075 408 2145 si
429 2074 597 2159 cederes,
617 2071 714 2143 idem
734 2072 928 2171 placabilis.
950 2073 1091 2144 Omissa
1111 2073 1221 2170 igitur

145 2186 381 2256 contentione
398 2185 497 2256 vocis
511 2183 726 2281 vultusque,
744 2213 762 2248 «
774 2185 811 2254 Si
823 2183 970 2271 utilem,
985 2183 1124 2281 inquit,
1140 2207 1220 2281 pos

145 2295 372 2365 «sessionem
388 2294 469 2390 ejus
481 2294 606 2366 insulae
620 2318 806 2367 censerem
819 2292 958 2366 Achaeis
977 2317 1074 2382 esse,
1090 2308 1219 2365 auctor

144 2432 292 2479 «essem
316 2409 458 2480 senatui
482 2408 696 2507 populoque
714 2432 888 2493 romano,
910 2423 952 2480 ut
970 2432 1051 2480 earn
1069 2432 1135 2480 vos
1152 2405 1218 2479 ha-

144 2547 161 2580 «
176 2516 263 2589 bere
282 2518 455 2589 sinerent.
476 2522 653 2589 Caeterum
672 2519 765 2590 sicut
782 2518 1004 2591 testudinem
1015 2529 1043 2606 ²,
1063 2517 1129 2590 ubi
1144 2519 1218 2592 col·

144 2655 161 2690 a
175 2623 268 2697 lecta
290 2629 329 2696 in
354 2650 463 2698 suum
485 2643 657 2726 tegumen
680 2643 755 2714 est,
779 2644 895 2700 tutam
913 2628 960 2700 ad
980 2653 1108 2701 omnes
1127 2630 1218 2701 ictus

144 2766 162 2802 a
176 2735 283 2808 video
300 2761 395 2822 esse,
413 2736 477 2809 ubi
494 2741 627 2810 exserit
642 2753 763 2837 partes
778 2740 916 2837 aliquas
928 2796 937 2822 ,
948 2722 1216 2838 quodcumque

145 2847 348 2937 «nudavit,
371 2847 571 2919 obnoxium
594 2864 704 2948 atque
729 2850 914 2922 infirmum
939 2850 1097 2939 habere3
1119 2849 1216 2922 haud

146 2988 164 3023 α
180 2956 400 3029 dissimiliter
415 2984 498 3047 vos,
517 2959 659 3046 Achaei,
677 2961 817 3034 clausos
837 2960 1000 3058 undique
1014 2963 1120 3051 mari,
1137 2985 1218 3059 quac

145 3099 163 3135 α
178 3070 274 3138 intra
298 3068 539 3167 Peloponnesi
560 3071 633 3140 sint
650 3072 847 3159 terminos,
871 3096 912 3142 ea
929 3085 967 3142 et
978 3071 1132 3168 jungere
1151 3095 1216 3140 vo·

146 3211 163 3246 a
175 3177 249 3268 bis,
266 3192 303 3250 et
315 3179 440 3274 juncta
459 3180 555 3252 tueri
572 3177 697 3270 facile3
716 3181 823 3253 simul
839 3179 1008 3253 aviditate
1022 3180 1127 3279 plura
1140 3204 1216 3251 am·

181 3436 244 3485 Csr.
257 3438 369 3486 xxxu.
386 3453 409 3486 1.
426 3437 482 3484 Non
496 3438 542 3485 Μ’.
551 3436 658 3485 Aciliam
702 3439 857 3488 testudinem.
873 3437 922 3487 Sed
931 3437 1052 3499 ejusmodi
1062 3437 1159 3485 doctam
1173 3440 1217 3486 ol»

146 3513 274 3579 Diophani
288 3527 313 3563 et
327 3515 423 3565 Achaeis
435 3531 575 3581 pugnasse,
588 3515 617 3563 h.
636 3531 658 3563 e.
702 3519 879 3576 servationem,
891 3533 967 3580 qanm
983 3517 1053 3565 loeus
1067 3532 1111 3581 per
1128 3532 1153 3563 se
1165 3518 1216 3578 jesn

145 3608 193 3659 pro
209 3592 254 3652 iis,
272 3595 299 3640 in
318 3610 403 3643 eornm
424 3596 525 3660 gretiam
550 3609 659 3642 commo·
703 3596 761 3645 satis
773 3596 806 3645 sit
822 3596 980 3661 perspicuas,
993 3595 1104 3644 inutilem
1121 3596 1217 3656 judicet

147 3672 263 3736 dansque.
703 3676 820 3740 Doering.
830 3678 877 3724 En.
889 3702 926 3713 -
938 3676 1046 3724 collecta
1061 3675 1086 3723 in
1098 3691 1168 3723 saum
1179 3688 1216 3724 se·

184 3751 281 3801 n.Ss'eae
292 3752 436 3801 testudinem
440 3788 449 3811 ,
460 3765 509 3801 etc.
516 3754 583 3803 conf.
593 3753 659 3801 Plnt.
701 3771 807 3820 gamen,
836 3754 950 3814 dorsum,
972 3766 1074 3813 testam,
1095 3754 1218 3819 chelyon,

146 3833 174 3882 in
200 3832 287 3896 Quint.
311 3846 369 3896 psg.
395 3833 460 3892 378,
482 3843 507 3880 et
528 3832 659 3898 Apophth.
704 3850 754 3898 qno
773 3835 869 3898 tegitur.
886 3860 922 3871 -
939 3833 1097 3890 Obnoaiusss,¹
1112 3833 1170 3882 vide
1184 3835 1216 3883 sd

146 3928 202 3979 pag.
219 3926 277 3973 197·
289 3938 325 3948 -
336 3911 471 3969 Hesrnins,
487 3924 587 3961 auctore
601 3917 658 3962 lae.
704 3915 757 3971 111,
770 3914 820 3975 39,
831 3928 857 3960 n.
871 3913 1009 3962 r.-Sinessl
1017 3913 1217 3976 ariditateplara

147 3991 179 4040 de
195 3989 288 4048 Wilde,
301 4006 357 4055 pag.
375 4006 423 4054 79,
440 4002 511 4056 putat
530 3991 660 4054 Quintium
704 3992 878 4056 amplectendi,
897 4003 944 4041 ete.
959 3992 1015 4040 cod.
1028 3993 1099 4057 Meg.
1119 3991 1218 4057 prefert

147 4071 257 4129 ellnsuse
270 4070 371 4133 imagini
383 4070 547 4135 Peloponnesi
555 4073 660 4119 nummis
704 4072 777 4120 simul
793 4072 910 4120 aviditate
919 4071 995 4136 plara
1009 4071 1154 4136 appetendi,
1168 4084 1216 4121 etc.

147 4149 255 4213 antiquis
274 4165 408 4215 expressae,
421 4151 449 4198 in
466 4149 556 4214 quibas
575 4167 602 4198 es
623 4169 659 4199 re·
704 4153 748 4203 sed
773 4153 907 4218 elegantiae
928 4153 1025 4201 videtur
1043 4154 1214 4217 amplectendi.

149 4229 198 4294 gio
215 4228 332 4278 testudini
356 4229 517 4289 assimiletur,
541 4231 604 4279 forte
626 4231 659 4279 oh
704 4234 782 4300 Supra
793 4233 930 4293 XXX,5‚
946 4234 1076 4298 ignis.....
1099 4235 1216 4282 massana

147 4308 383 4373 prominentinmns,
402 4309 454 4358 sive
476 4311 660 4376 promontorio·
704 4315 849 4377 amplexam
862 4315 1005 4373 xxxvn,
1018 4315 1069 4375 54,
1081 4313 1163 4361 Groecs'
1170 4314 1215 4361 do

148 4404 219 4447 snm,
233 4390 338 4438 maxime
354 4390 473 4455 insignem
487 4390 660 4451 Chelonatens,
703 4393 806 4442 morien
818 4392 943 4457 quosdam
950 4393 1044 4441 viribus
1054 4393 1128 4442 esiam
1140 4392 1215 4458 impe-

149 4467 282 4536 urbemque
292 4471 430 4536 proximam
440 4472 587 4531 Chelonen,
600 4470 626 4521 ls.
638 4489 659 4524 e.
703 4474 767 4523 rium
781 4475 997 4539 amplectebantur.
1007 4478 1053 4524 En.
