2722 5040
151 804 270 922 2:223:
397 829 546 895 iruna
576 829 655 895 xn.
681 825 788 893 car.
816 824 899 890 xu.
1109 830 1181 924 449

120 979 138 1014 e
151 972 208 1019 me
220 949 329 1020 inisse
344 945 474 1032 videri,
491 947 584 1034 vutt;
601 960 641 1016 ut
656 944 807 1029 scilicet,
822 944 957 1038 majore
972 942 1081 1018 fratre
1099 948 1183 1020 sub·

120 1057 246 1145 «lat0,
265 1057 370 1154 cujus
387 1057 469 1152 jure
495 1058 679 1152 gentium,
707 1078 806 1124 more
829 1053 1092 1147 Macedonum,
1117 1075 1182 1132 tuo

120 1196 137 1231 «
151 1169 274 1255 etiam,
292 1182 334 1238 ut
352 1168 415 1253 ait,
431 1165 586 1261 judicio,
604 1190 757 1262 reguum
772 1178 824 1235 est
836 1161 1019 1249 futurum,
1035 1192 1102 1264 ego
1115 1172 1181 1240 mi-

122 1306 139 1341 «
153 1301 224 1348 nor
239 1279 276 1347 in
295 1277 393 1373 ejus,
420 1300 528 1373 quem
552 1275 780 1360 occidissem,
802 1275 1030 1347 succederem
1049 1278 1185 1352 locum,

121 1416 139 1451 ι
152 1386 249 1476 Quid
276 1410 363 1483 ergo
386 1385 446 1456 illa
472 1383 539 1456 sibi
567 1384 644 1454 vult
667 1410 751 1483 pars
773 1384 881 1456 altera
896 1389 1091 1478 orationis,
1111 1416 1184 1488 qua

121 1501 334 1568 «Romanos
355 1522 375 1567 a
397 1522 456 1567 mc
482 1496 598 1567 cultos
623 1496 687 1584 ait,
710 1512 818 1592 atque
842 1521 968 1568 eorum
991 1497 1121 1573 fiducia
1144 1505 1182 1574 in

121 1638 138 1673 α
150 1632 253 1707 spem
270 1609 373 1704 regui
390 1632 449 1678 me
473 1608 633 1678 venisset
653 1612 741 1679 Nam
764 1609 792 1678 si
811 1623 847 1678 et
867 1610 905 1678 in
924 1615 1094 1685 Romanis
1107 1629 1183 1685 tau·

120 1748 137 1783 ι
150 1732 228 1789 tum
241 1720 418 1789 momenti
438 1741 515 1788 esse
534 1717 745 1806 credebam,
760 1731 816 1805 ut,
831 1743 942 1814 quem
955 1721 1104 1812 vellent,
1126 1727 1186 1796 im·
1232 1736 1239 1748 “

120 1842 331 1927 «ponerent
349 1827 568 1899 Macedoniae
588 1853 731 1925 regem,
758 1844 793 1899 et
814 1853 902 1899 meae
924 1844 1066 1903 tanturn
1089 1836 1185 1933 apud

120 1969 137 2003 α
151 1963 214 2011 eos
236 1940 356 2036 gratim
378 1936 632 2027 confidebam,
654 1938 743 2035 quid
763 1963 854 2036 opus
877 1941 1069 2036 parricidio
1089 1942 1186 2016 fuit?

121 2079 138 2114 ι
151 2051 227 2136 An,
248 2063 290 2120 ut
311 2062 503 2120 cruentum
526 2047 682 2120 fraterna
703 2048 796 2118 caede
815 2047 979 2120 diadema
1000 2057 1187 2148 gererem?

120 2188 137 2223 c
149 2173 192 2231 ut
211 2159 281 2230 iltis
302 2160 404 2257 ipsis,
423 2158 521 2257 apud
535 2184 646 2255 quos,
661 2173 721 2228 aut
737 2182 820 2227 vera
832 2171 895 2227 aut
910 2173 1006 2229 certe
1021 2162 1186 2234 simulata

119 2269 347 2369 «probitate,
362 2285 500 2369 partam
515 2272 664 2366 gratiam
684 2267 820 2357 habeo,
834 2271 864 2338 si
884 2293 991 2364 quam
1014 2268 1109 2343 forte
1125 2273 1185 2343 ha·

119 2380 241 2470 «beo,
263 2380 489 2452 exsecrabilis
504 2394 539 2451 et
553 2381 688 2451 invisus
703 2379 839 2451 essem?
854 2380 922 2447 nisi
939 2383 976 2448 T.
993 2382 1184 2470 Quintium

119 2491 288 2579 «credis,
314 2492 419 2586 cujus
443 2485 601 2562 virtute⁶
626 2505 662 2560 et
690 2489 847 2560 consiliis
869 2513 925 2559 me
948 2515 1047 2561 nunc
1067 2495 1185 2590 arguis

119 2631 136 2666 «
150 2604 246 2701 regi,
263 2627 378 2700 quum
393 2603 519 2699 etipse
533 2599 594 2669 tali
607 2602 738 2697 pietate
752 2602 846 2669 vivat
860 2624 941 2671 cum
956 2598 1083 2690 fratre,
1099 2603 1187 2675 mihi

120 2743 136 2776 a
150 2711 315 2784 baternae
328 2712 433 2783 caedis
452 2709 562 2783 fuisse
578 2725 772 2782 auctorem.
794 2710 893 2782 Idem
911 2738 986 2783 non
1004 2720 1186 2786 Romano·

119 2853 136 2887 α
150 2848 232 2894 rum
254 2823 371 2895 solum
394 2823 565 2918 gratiam,
587 2819 649 2892 sed
671 2821 938 2892 Macedonum⁷
960 2823 1117 2919 judicia,
1145 2851 1185 2898 ac

120 2962 136 2997 α
150 2958 252 3031 paenc
265 2934 428 3003 omnium
444 2932 596 3003 deorum
610 2931 876 3030 bominumque
890 2959 1106 3006 consensum
1119 2937 1187 3007 coi·

120 3043 258 3140 «legit,
280 3069 346 3140 per
367 3069 447 3140 quae
469 3045 590 3113 omnia
612 3067 650 3114 se
674 3043 761 3122 mihi
783 3068 905 3140 parem
928 3045 965 3113 in
991 3047 1185 3117 certamine

120 3178 227 3225 «non
245 3153 408 3225 futurum
427 3151 629 3224 crediderit.
646 3154 764 3242 Idem,
780 3168 950 3250 tanquam
967 3156 1003 3227 in
1019 3155 1094 3224 aliis
1109 3180 1185 3224 om·

119 3262 256 3336 «nibus
279 3263 389 3336 rebus
411 3263 560 3334 inferior
583 3289 722 3351 essem,
751 3262 794 3333 ad
819 3263 961 3334 sceleris
981 3289 1080 3362 spem
1100 3265 1185 3334 ulti-

119 3399 243 3445 «mam
268 3373 472 3471 confugisse
490 3399 549 3443 me
569 3372 759 3445 insimulat.
788 3374 849 3442 Vis
874 3372 968 3442 hanc
992 3372 1182 3444 formulam

118 3515 135 3549 «
148 3482 384 3583 cognitionis⁸
399 3510 493 3571 esse,
510 3499 567 3570 ut,
584 3499 664 3554 uter
674 3485 855 3570 timuerit,
872 3483 1022 3553 ueniter
1038 3482 1182 3579 dignior

154 3742 179 3788 6.
189 3743 216 3789 T.
227 3741 365 3804 Quintium,
374 3742 442 3806 cujus
450 3740 553 3796 virtute,
566 3741 628 3787 sorte
668 3739 752 3797 juvet,
765 3750 823 3787 nota
836 3755 874 3785 res
884 3749 928 3786 est.
939 3740 1080 3787 Itu-Tati
1087 3742 1181 3805 pietate

118 3819 281 3876 auctoritem
302 3822 374 3870 Crev.
393 3820 566 3883 —Vulgatam
585 3818 628 3865 de·
672 3817 796 3885 εἰρωνικῶς
810 3833 856 3879 pro
868 3816 909 3863 tali
919 3817 1048 3864 simultate.

118 3897 197 3947 feudit
207 3896 303 3946 wuch.
317 3899 419 3946 Emend.
433 3903 485 3947 Liv.
499 3914 554 3962 pag.
567 3914 626 3957 ²¹7·
707 3911 730 3954 7.
743 3895 792 3941 Sed
800 3895 961 3941 Macedonum
976 3912 1074 3959 quoque
1083 3898 1180 3964 judicia

50 4024 53 4030 ,
119 3977 178 4025 Hac
196 3977 281 4032 verba.
301 3978 349 4036 ait,
366 3977 459 4024 virtute
480 3989 503 4025 et
523 3976 628 4024 consiliis
672 3975 747 4028 bona.
761 3972 904 4022 honorifica.
918 3976 981 4021 Mox
990 3975 1051 4023 sorte
1066 3976 1111 4040 leg.
1125 3978 1181 4028 dein

118 4055 201 4120 regist.
209 4073 230 4104 e.
238 4057 342 4105 fortibus
351 4056 458 4104 consiliis
466 4058 526 4119 regi,
535 4058 554 4103 si
565 4057 628 4125 tipo·
671 4065 790 4116 tanquam
802 4052 858 4100 adis
870 4054 994 4109 omnibus,
1007 4066 1053 4103 etc.
1067 4058 1145 4105 Gron.

117 4141 186 4194 ναῦς
208 4135 389 4201 intelligantur,
411 4151 466 4182 euru
489 4138 628 4200 exprimunt
707 4134 731 4180 8.
754 4135 826 4180 Hanc
843 4133 982 4196 jorrnulam
1013 4134 1178 4200 cognitionis,

117 4229 228 4273 sensnm,
240 4217 283 4278 qui
302 4217 441 4280 requiritur.
455 4215 517 4263 Nam
534 4232 627 4263 veneno
671 4228 725 4275 quae
745 4221 768 4259 et
780 4210 993 4277 judiciifhrmula
1011 4214 1116 4273 dicitur,
1131 4234 1180 4274 res,

117 4294 219 4354 φωτί
234 4305 258 4342 et
275 4295 379 4342 occultis
391 4293 487 4341 insidiis
499 4310 557 4341 saue
576 4310 627 4341 nou
671 4307 757 4349 causa,
771 4291 873 4353 quaestio
888 4291 969 4339 verbis
981 4308 995 4340 a
1005 4293 1088 4353 judice
1098 4295 1136 4342 rel
1145 4313 1182 4343 rr·

118 4382 153 4416 cn
165 4371 354 4436 viriliteragere.
363 4374 454 4420 Omnes
464 4383 543 4419 autem
552 4374 628 4419 vinu·
670 4370 745 4418 bitrio
762 4386 892 4434 expresse,
905 4369 936 4418 de
954 4387 1002 4433 qua
1016 4384 1137 4436 queratur
1154 4375 1179 4421 in

118 4456 212 4511 cupro
226 4445 324 4516 flagitiis
336 4442 415 4513 accipi
425 4464 510 4512 poue,
519 4450 540 4497 si
553 4465 627 4496 sonus
669 4449 777 4508 judicio:
799 4460 888 4513 surum
909 4450 1062 4511 quantouis,
1082 4463 1180 4498 coutro-

118 4524 248 4589 memque
257 4527 381 4590 loquentis
391 4526 574 4591 intelligentiam
585 4527 627 4575 ad·
671 4530 769 4586 versit,
779 4529 807 4579 ri
818 4528 967 4597 ιρινόμινον,
976 4537 1080 4587 vocant,
1090 4527 1178 4592 dequo

220 4614 302 4681 VII.
1014 4634 1059 4704 ²9
