2722 5040
212 859 281 945 534
633 861 672 926 r.
707 859 846 927 mvn

210 984 276 1047 mio
295 1000 327 1046 et
343 980 500 1046 Graccho.
518 978 582 1043 Sed
599 979 736 1044 Gracchi
755 980 915 1067 praecipua
930 979 1000 1044 laus
1015 980 1092 1062 fuit,
1107 984 1163 1070 qui
1182 999 1273 1047 aetate

210 1082 342 1163 florens,
361 1104 464 1169 quum
487 1081 606 1143 virtute
630 1080 729 1144 animi
750 1096 783 1144 et
807 1079 980 1168 prudentia
1000 1083 1136 1168 equales
1157 1087 1272 1148 omnes

208 1185 347 1247 multum
363 1181 516 1262 anteiret,
531 1196 564 1245 et
586 1181 708 1270 ingenti
725 1181 790 1260 jam
807 1198 878 1244 tum
898 1181 980 1245 fama
997 1183 1228 1268 celebrabatur,
1239 1201 1272 1249 et

209 1287 362 1365 majorem
379 1283 572 1346 infuturum
586 1282 627 1346 de
643 1306 678 1347 se
690 1305 779 1370 spem
793 1283 983 1348 concitabat.
993 1284 1144 1369 Carabin,
1155 1288 1271 1352 urbem

207 1386 326 1449 sociam
341 1386 583 1465 Romanorum,
601 1384 713 1473 viginti
735 1384 833 1447 millia
853 1384 1088 1450 Celtiberorum
1106 1410 1272 1478 oppugna·

208 1488 298 1551 bant.
317 1485 482 1550 Gracchus
507 1483 547 1548 ad
570 1508 665 1573 opem
691 1486 786 1550 sociis
810 1484 975 1549 ferendam
995 1490 1187 1576 properavit.
1215 1491 1271 1555 llla

207 1583 391 1649 sollicitudo
403 1585 558 1673 angebat,
574 1609 717 1672 quonam
730 1585 830 1650 modo
841 1586 1011 1650 consilium
1025 1611 1122 1652 suum
1133 1590 1271 1657 obsessis

206 1685 418 1776 significaret,
434 1703 499 1750 tam
515 1705 601 1750 arcta
617 1685 787 1752 obsidione
799 1686 1024 1775 prementibus
1038 1688 1153 1753 urbem
1168 1690 1272 1756 hosti-

208 1787 286 1869 bus,
299 1805 338 1850 ut
351 1788 405 1850 vix
420 1811 460 1850 eo
476 1790 617 1852 nuncius
631 1811 812 1853 commeare
828 1813 922 1877 posse
932 1788 1106 1854 videretur.
1123 1791 1270 1858 Arduum

207 1894 374 1982 negotium
387 1893 548 1982 expedivit
560 1895 701 1958 Cominii
710 1894 852 1959 audacia.
868 1897 899 1959 Is
912 1895 1057 1983 equitum
1069 1912 1184 1961 turmae
1195 1921 1272 1985 prae·

207 1995 309 2058 fectus
321 2044 330 2075 ,
344 2018 379 2058 re
393 1995 483 2084 prius
499 1994 585 2083 apud
605 2018 639 2059 se
650 2019 826 2084 perpensa,
844 2013 876 2061 et
890 1996 1037 2061 Graccho
1052 1997 1132 2086 quid
1147 2015 1272 2086 pararet

206 2094 390 2177 admonito,
408 2096 575 2185 hispanico
597 2096 732 2160 indutus
752 2119 848 2186 sago,
866 2095 1109 2184 pabulatoribus
1127 2098 1271 2162 bostium

206 2221 241 2260 se
250 2197 435 2260 immiscuit.
447 2199 530 2260 Cum
546 2197 709 2260 his-castra
719 2196 892 2285 ingressus,
904 2195 982 2260 hinc
994 2220 1092 2261 cursu
1102 2197 1143 2261 ad
1154 2199 1270 2263 urbem

206 2296 392 2379 contendit,
406 2297 605 2385 nunciatque
623 2296 794 2361 adventare
803 2297 981 2362 Tiberium.
991 2299 1153 2386 Oppidani
1165 2324 1203 2364 ex
1219 2303 1271 2366 ul-

205 2398 285 2462 tima
298 2398 521 2486 desperatione
533 2397 573 2461 ad
585 2398 779 2462 alacritatem
790 2414 888 2484 atque
899 2397 1064 2462 audaciam
1073 2399 1136 2463 hoc
1150 2402 1271 2465 nuncio

206 2500 344 2580 excitati,
359 2497 535 2562 obfirmatis
550 2497 591 2561 ad
604 2499 730 2562 fortiter
745 2497 993 2586 repugnandum
1009 2501 1134 2581 animis,
1146 2501 1199 2565 die
1212 2519 1272 2567 ter·

208 2599 273 2680 tio,
290 2598 433 2663 adventu
449 2599 585 2673 Gracchi
602 2598 751 2689 digressis
764 2600 930 2681 hostibus,
949 2600 1119 2666 obsidione
1131 2605 1270 2693 exempti

208 2717 295 2763 sunt.
312 2702 385 2787 Ipse
405 2716 516 2788 postea
534 2701 717 2782 Gracchus,
736 2699 848 2765 fraude
859 2702 1072 2767 barbarorum
1090 2705 1269 2792 appetitus,

206 2801 387 2887 periculum
407 2801 530 2864 viribus
546 2818 614 2864 arte
630 2802 747 2882 adjutis
760 2803 804 2865 ita
815 2799 978 2883 discussit,
995 2818 1033 2866 ut
1049 2802 1142 2868 dolus
1160 2806 1193 2868 in
1210 2828 1270 2868 au·

207 2917 312 2965 otores
328 2917 476 2966 verteret.
490 2903 664 2991 Complega
679 2919 747 2966 erat
762 2903 840 2966 urbs
856 2902 979 2990 aliquot
994 2920 1069 2967 ante
1087 2904 1179 2968 annis
1195 2928 1270 2969 con·

207 3000 283 3084 dita,
291 3001 349 3066 sed
359 3001 461 3066 valida
474 3003 575 3065 muris
586 3019 619 3066 et
626 3003 783 3067 celeribus
796 3003 1002 3068 incrementis
1014 3019 1117 3085 aucta,
1125 3004 1159 3066 in
1172 3027 1268 3092 quam

208 3105 302 3167 multi
318 3105 538 3192 Hispanorum
551 3120 796 3185 concurrerant,
808 3105 865 3192 qui
877 3106 967 3191 prius
976 3120 1106 3194 egentes
1116 3128 1194 3194 agro
1204 3106 1270 3170 huc

208 3206 283 3269 illuc
300 3206 407 3295 vagari
431 3206 641 3294 cogebantur.
666 3207 715 3268 Ex
735 3227 772 3267 ea
788 3204 869 3267 urbe
889 3204 1086 3291 prodeuntes
1101 3202 1143 3267 ad
1157 3205 1269 3293 viginti

207 3307 381 3371 hominum
402 3307 516 3387 millia,
533 3308 715 3395 supplicum
731 3305 863 3388 habitu,
888 3327 1059 3394 ramosque
1074 3306 1151 3369 oleae
1164 3308 1268 3393 porri·

207 3425 336 3498 gentes,
362 3409 395 3471 in
421 3424 599 3495 conspectu
626 3423 804 3471 castrorum
830 3423 983 3494 tanquam
1010 3429 1122 3495 pacem
1148 3408 1269 3471 oraturi

207 3511 433 3574 constiterunt.
455 3509 549 3590 Mox,
568 3509 699 3587 abjectis
718 3507 918 3597 precantium
934 3506 1132 3595 insignibus,
1146 3530 1185 3570 ex
1207 3507 1268 3569 im·

205 3615 335 3702 proviso
348 3614 487 3703 aggressi
499 3615 679 3693 Romanos,
697 3633 814 3700 pavore
832 3634 870 3675 ac
888 3611 1032 3674 tumultu
1053 3610 1162 3674 omnia
1180 3633 1268 3674 com·

205 3715 384 3802 pleverunt.
404 3713 568 3778 Gracchus
585 3714 722 3800 sapienti
738 3714 872 3777 consilio
892 3729 992 3777 castra
1006 3733 1064 3799 per
1081 3712 1269 3776 simultatio-

207 3836 281 3877 nem
304 3816 388 3903 lugae
414 3813 556 3878 deseruit
572 3837 579 3876 :
597 3836 669 3901 quae
685 3815 729 3876 illi
747 3812 827 3876 dum
848 3813 940 3876 solita
958 3813 1102 3876 barbaris
1119 3812 1268 3877 aviditate

205 3911 373 4001 diripiunt,
381 3937 516 4002 seseque
529 3913 636 4002 praeda
649 3914 864 4002 praepediunt,
876 3935 1022 3977 reversus
1035 3914 1154 3996 subito,
1170 3931 1203 3977 et
1219 3915 1268 3977 ni·

206 4011 250 4073 hil
271 4014 332 4075 tale
351 4030 531 4078 metuentes
550 4012 700 4096 adortus,
723 4014 881 4102 plurimos
899 4013 1035 4094 cecidit,
1060 4030 1156 4102 atque
1172 4017 1268 4079 etiam

204 4112 270 4198 ipsa
292 4113 373 4176 urbe
390 4116 511 4201 potitus
531 4131 588 4179 est.
612 4117 712 4195 Sunt,
731 4116 787 4206 qui
805 4140 871 4179 rem
886 4116 977 4179 aliter
995 4133 1143 4199 narrent3
1168 4116 1268 4181 Grac·

204 4212 322 4292 chum,
344 4237 446 4298 quum
473 4217 681 4303 comperisset
704 4217 831 4280 hostem
858 4218 967 4304 inopia
985 4216 1147 4297 laborare,
1167 4233 1267 4280 eastra

206 4314 451 4378 instructissima
462 4318 613 4380 omnibus
629 4318 801 4381 esculentis
820 4316 997 4381 deseruisse
1011 4340 1019 4380 ε
1031 4340 1104 4403 quae
1114 4316 1267 4405 adeptum

206 4415 349 4492 hostem,
374 4431 407 4475 ct
428 4418 562 4502 repertis
585 4418 835 4505 intemperanter
864 4419 1022 4506 repletum
1055 4441 1266 4507 gravemque,

205 4513 340 4578 reducto
355 4517 497 4580 exercitu
507 4540 659 4595 romano,
676 4520 785 4583 subito
797 4542 987 4606 oppressum
999 4542 1077 4583 esse.
1094 4523 1267 4600 Caeterum,

208 4618 273 4680 sive
298 4620 364 4683 haec
389 4621 511 4685 diversa
536 4639 582 4686 est
608 4622 750 4701 ejusdem
769 4625 814 4688 rei
833 4642 927 4712 gestae
950 4627 1099 4708 narratio,
1121 4627 1186 4690 sive
1209 4624 1267 4690 alia
