2722 5040
76 39 1330 379 n

168 794 292 909 tiit:
352 817 501 884 Linea
531 815 709 883 xxxix.
738 817 841 884 car.
869 817 1008 884 xxxi.
1136 813 1204 911 375

142 936 277 1024 ruodo,
294 933 456 1008 fundunt
473 950 712 1033 sternuntque
730 936 933 1034 perculsos,
952 961 1020 1008 nec
1038 938 1205 1013 sustiueri

141 1048 202 1119 alii
220 1071 332 1146 super
349 1047 438 1119 aiios
453 1045 646 1118 inserentes
664 1071 741 1119 sese
758 1061 908 1144 possunt
920 1042 945 1116 ³.
965 1049 1156 1145 Fugientes
1169 1049 1209 1119 in

142 1172 259 1231 castra
272 1159 413 1256 equites
427 1158 638 1256 persequuti
655 1170 761 1242 sunt,
781 1171 816 1228 et
832 1156 1001 1254 permixti
1019 1154 1133 1227 turbe)
1147 1156 1209 1227 ho·

143 1270 254 1341 stium
275 1271 371 1341 intra
396 1269 529 1340 vallum
551 1281 853 1365 penetraverunt3
874 1265 938 1340 ubi
956 1265 1003 1337 ab
1020 1265 1155 1338 relictis
1169 1269 1207 1336 in
1264 1262 1266 1266 ’

145 1377 312 1476 praesidio
334 1391 534 1449 castrorum
559 1377 723 1475 praelium
743 1377 999 1448 instauratum:
1021 1379 1207 1474 coactique

144 1502 230 1559 suut
256 1487 397 1559 romani
426 1488 566 1584 equites
589 1485 808 1559 descendere
827 1512 871 1558 ex
890 1489 1002 1584 equis.
1030 1488 1208 1559 Dimican·

144 1596 243 1670 tibus
261 1599 304 1668 iis
320 1598 414 1695 legio
431 1600 560 1694 quinta
576 1598 804 1694 supervenit3
821 1595 971 1685 deinde,
993 1612 1034 1669 ut
1052 1622 1208 1694 quaeque

144 1720 363 1804 potuerant,
384 1709 496 1804 copim
518 1703 750 1778 affluebant⁴⁸
777 1707 972 1780 Caeduntur
995 1711 1125 1806 passim
1147 1709 1207 1779 Hi-

145 1818 249 1914 spani
267 1841 333 1914 per
350 1831 427 1888 tota
443 1830 575 1904 castra3
600 1839 668 1887 nec
688 1816 769 1912 plus
789 1841 900 1913 quam
918 1832 1075 1913 quatuor
1097 1817 1208 1889 millia

144 1925 337 1997 hominum
355 1924 573 2021 effugerunt.
594 1925 684 1996 Inde
702 1927 770 1997 tria
788 1926 898 1997 millia
913 1925 1009 2012 fere,
1028 1930 1091 2023 qui
1109 1951 1208 1999 arma

144 2036 390 2123 retinuerunt,
420 2049 582 2108 montem
610 2037 859 2134 propinquum
883 2051 1083 2135 ceperunt:
1110 2037 1208 2108 mille

144 2145 350 2216 semiermes
368 2146 521 2218 maxime
542 2170 608 2244 per
627 2170 733 2243 agros
752 2146 860 2244 palati
883 2162 979 2218 sunt.
1006 2151 1121 2244 Supra
1146 2147 1208 2217 tri-

144 2255 243 2350 ginta
257 2255 543 2352 quinquemillia
561 2255 719 2328 hostium
739 2254 903 2345 fuerant,
923 2281 967 2328 ex
984 2254 1120 2353 quibus
1135 2269 1206 2328 tam

145 2364 273 2462 exigua
288 2389 371 2463 pars
387 2390 519 2463 pugnae
537 2365 726 2464 superfuit.
744 2368 851 2462 Signa
868 2381 972 2463 capta
987 2380 1133 2438 centum
1150 2367 1209 2437 tri·

145 2475 244 2571 ginta
268 2476 347 2546 tria.
373 2479 527 2547 Romani
547 2478 707 2572 sociique
730 2477 839 2575 paulo
862 2477 948 2575 plus
970 2482 1149 2563 sexcenti,
1173 2491 1209 2548 et

145 2583 419 2681 provincialium
430 2586 646 2657 auxiliorum
659 2600 806 2658 centum
818 2589 1081 2685 quinquaginta
1095 2585 1208 2659 ferme
1304 2591 1310 2608 '

145 2693 365 2765 cecideruut.
386 2693 539 2766 Tribuni
558 2696 713 2766 militum
730 2700 893 2794 quinque
912 2699 1032 2769 amissi
1050 2710 1086 2769 et
1103 2697 1207 2795 pauci

146 2804 286 2900 equites
299 2806 442 2874 romani
465 2820 622 2876 cruentae
645 2807 797 2877 maxime
818 2809 971 2879 victoriae
987 2807 1142 2905 speciem
1160 2805 1208 2876 se-

145 2927 284 2985 cerunt.
316 2916 506 2985 incastris
536 2914 715 3005 hostium,
744 2918 829 3012 quia
853 2918 940 3014 ipsis
968 2917 1122 3013 spatium
1145 2940 1208 2985 sua

145 3024 415 3096 communiendi
442 3050 516 3096 non
542 3024 680 3112 fuerat,
703 3041 926 3098 manserunt.
945 3032 1015 3098 Pro
1034 3029 1209 3097 concione

146 3148 293 3232 postero
308 3132 368 3205 die
387 3134 522 3205 laudati
539 3136 736 3234 donatique
754 3161 774 3207 a
794 3141 834 3207 C.
854 3138 1051 3234 Calpurnio
1069 3136 1208 3233 equites

147 3243 323 3342 phaleris:
343 3246 680 3343 pronuntiavitque,
699 3271 826 3317 eorum
843 3246 998 3317 maxime
1016 3268 1126 3343 opera
1144 3243 1209 3326 ho·

147 3370 219 3426 stes
236 3353 354 3441 fusos,
375 3370 487 3426 castra
511 3370 613 3453 capta
639 3370 675 3428 et
698 3371 904 3452 expugnata
931 3354 1210 3442 esse.·Quintius

183 3600 208 3647 ³.
228 3600 405 3648 Noesmtineri
428 3599 474 3647 alii
497 3614 568 3663 super
594 3599 655 3646 alios
701 3599 756 3646 vida
768 3599 799 3647 ad
810 3600 952 3657 ffl1‚6‚
970 3617 996 3648 n.
1014 3617 1039 3659 7.
1057 3601 1103 3649 Sed
1115 3617 1209 3667 semper

147 3675 274 3741 inferenter
287 3694 337 3726 sese
350 3689 454 3742 possum
467 3679 522 3727 cod.
541 3677 655 3736 lisunii,
699 3678 784 3741 pictavi
803 3679 932 3743 legendnm
953 3694 1005 3726 esce
1026 3680 1140 3728 aestima·
1158 3681 1208 3732 hoc

147 3754 238 3819 poni.
257 3757 335 3805 rena.
355 3756 420 3805 nuk.
439 3758 511 3805 (ζων.
529 3763 556 3805 et
581 3756 655 3804 Drak.
699 3771 785 3805 sunm:
802 3773 847 3805 ricc
860 3757 987 3815 smenon,
1009 3759 1107 3807 retineri
1121 3761 1209 3826 (conf.

146 3832 573 3899 underecepiprcvulg.sum'ucro,
586 3852 656 3885 icae
699 3835 1208 3906 ad1ffl‚1d‚etndss‚tt,n‚6)‚

147 3913 303 3972 Romauifh.
314 3930 336 3962 e.
347 3914 465 3978 impetum
477 3915 569 3965 uicere
582 3916 656 3964 Sesti·
695 3928 799 3979 possunt
817 3917 936 3978 Remini,
948 3932 998 3965 sese
1015 3917 1158 3983 inferentes,
1176 3923 1207 3970 ir·

146 4007 204 4043 mo
221 3992 269 4041 aui
285 4009 306 4041 s.
326 4008 352 4043 a.
368 3993 385 4041 ι’.
398 4010 418 4041 s.
439 3995 569 4057 patiuntur
588 3997 654 4056 conj.
699 4005 796 4043 mente·
808 3997 835 4043 in
847 3995 956 4054 buum,
974 3996 1021 4045 aut
1038 4013 1117 4062 super,
1132 4013 1207 4066 post.

146 4071 225 4119 Gncn.
242 4086 294 4120 nen
309 4073 375 4122 enim
388 4089 458 4138 poue
473 4075 552 4139 accipi
564 4075 596 4123 de
611 4075 655 4123 ui·
697 4073 771 4131 utos,
782 4087 810 4123 nt
824 4078 851 4133 1,
864 4077 910 4135 so,
922 4088 947 4125 et
963 4077 1054 4125 vulnus
1067 4095 1141 4143 super
1151 4083 1207 4129 vut-

147 4151 305 4216 spani-,qua
313 4150 402 4217 inferre
410 4154 653 4217 seseiiturgentinn,
697 4169 742 4201 nau
752 4156 842 4213 xm,
856 4155 887 4211 54
897 4190 904 4213 ‚
915 4155 1011 4220 aliaque
1024 4156 1063 4205 hu
1075 4158 1171 4208 similia.

146 4243 192 4277 uec
208 4228 272 4278 bene
293 4230 344 4278 dici
363 4230 394 4280 dc
417 4233 547 4289 nomm,
564 4233 653 4296 quibus
733 4233 1206 4302 4.Copiaeafflubant,·videadxxl.

146 4306 651 4376 nihiliueiitnecessecesustinenposse,
699 4313 1206 4380 38‚n.³.-Bm'gnupanpu5noe,h.e.

145 4386 264 4451 lnporum
281 4405 353 4438 suum
370 4391 473 4439 maximo
488 4388 612 4440 efficacem
630 4403 654 4440 et
697 4390 819 4448 nontin,
832 4393 875 4455 qui
889 4410 920 4441 ex
932 4410 1013 4458 pugna
1026 4405 1157 4442 evmm.
1173 4420 1206 4430 -

147 4467 329 4516 irrevocabilem
354 4487 404 4519 ease
422 4469 572 4536 optantibus.
592 4473 654 4520 Tum
700 4469 821 4527 Phalaris,
845 4473 1010 4531 omentis,
1030 4488 1147 4534 equorum
1168 4474 1205 4518 vet

149 4545 264 4594 cutinei-e
282 4564 311 4594 eo
337 4565 410 4598 mutu
430 4551 536 4608 dutum,
556 4551 587 4600 de
605 4567 656 4615 quc
696 4551 762 4612 jubis
777 4540 788 4617 (
800 4551 881 4618 φάλοις
894 4547 919 4612 ),
934 4553 972 4599 rel
990 4552 1041 4607 ori,
1057 4550 1095 4597 vel
1116 4551 1205 4605 fronti,
