2722 5040
165 743 293 856 3:533:
331 764 425 830 nin.
449 765 527 831 Χῖ..
553 766 656 832 uae.
682 767 858 834 xxxvi.
886 768 1088 836 xxxvii.
1131 768 1204 863 489

140 886 347 984 propinqua
364 885 543 956 missionis
561 900 636 955 erat
648 881 676 971 ⁸,
693 910 737 957 eo
751 911 845 957 anno
860 910 936 958 esse
953 886 1097 984 placuit.
1115 893 1159 959 Et
1174 890 1204 960 is

141 999 218 1095 ipse
240 998 417 1066 exercitus
434 1019 524 1090 aegre
551 995 763 1092 explebatur
781 1012 929 1093 propter
944 996 1204 1093 pestilentiam,
1223 1046 1238 1059 -

142 1106 307 1204 quaejam
322 1100 465 1176 tertium
481 1128 616 1174 annum
631 1104 759 1177 urbem
776 1112 926 1177 Romam
944 1122 1052 1203 atque
1068 1107 1205 1178 Italiam

142 1215 311 1288 vastabat.

189 1331 368 1398 XXXVII.
388 1329 522 1396 Praetor
545 1326 595 1394 Ti.
615 1328 814 1413 Minucius,
834 1343 869 1397 et
895 1327 992 1397 haud
1017 1329 1064 1396 ita
1090 1325 1206 1395 multo

144 1453 225 1536 post
243 1436 371 1508 consul
387 1441 424 1508 C.
444 1435 661 1533 Calpurnius
680 1439 843 1524 moritur,
860 1437 1037 1534 multique
1055 1436 1113 1507 alii
1132 1461 1206 1507 om·

144 1549 243 1620 nium
265 1548 433 1618 ordinum
454 1545 610 1617 illustres
632 1548 725 1618 viri:
750 1564 932 1645 postremo
951 1547 1105 1646 prodigii
1124 1546 1207 1618 loco

144 1682 183 1729 ea
197 1657 329 1729 clades¹
347 1655 472 1727 haberi
486 1671 605 1754 coepta
616 1671 679 1727 est.
696 1660 734 1727 C.
744 1657 912 1730 Servilius
928 1657 1090 1757 pontifex
1103 1661 1208 1728 maxi·

143 1791 222 1836 mus
246 1765 386 1864 piacula
409 1767 470 1835 irae
494 1766 603 1836 deum
627 1769 841 1863 conquirere
857 1768 995 1862 jussus,
1016 1768 1208 1840 decemviri

143 1875 266 1989 libros
279 1876 476 1973 inspicere,
499 1874 626 1964 consul
646 1876 823 1974 Apollini,
849 1878 1070 1975 AEsculapio,
1098 1880 1208 1950 Saluti

143 1985 237 2057 (lona
255 2011 387 2057 vovere
406 2002 442 2057 et
460 1986 544 2057 dare
562 1989 660 2082 signa
679 1988 858 2073 inaurata;
879 2013 958 2084 quae
978 1989 1076 2058 vovit
1094 1987 1208 2058 dedit-

143 2121 225 2194 que.
245 2098 463 2168 Decemviris
484 2095 780 2194 supplicationem
802 2099 839 2165 in
864 2095 1017 2166 biduum
1036 2095 1209 2166 valetudi-
1279 2122 1283 2130 “

144 2212 198 2281 nis
218 2234 323 2281 causa
343 2210 381 2278 in
404 2207 501 2280 Urbe
527 2224 563 2279 et
581 2233 647 2306 per
663 2208 783 2279 omnia
802 2207 879 2278 fora
900 2203 1208 2302 conciliabulaque

143 2320 358 2392 edixerunt:
379 2319 532 2412 majores
552 2317 743 2388 duodecim
763 2318 884 2403 annis,
907 2340 1032 2386 omnes
1047 2316 1208 2385 coronati

143 2447 178 2501 et
195 2432 375 2503 lauream²
396 2433 432 2499 in
451 2453 560 2498 manu
579 2443 760 2515 tenentes,
779 2427 1081 2525 supplicaverunt.
1100 2429 1211 2495 Frau-

144 2540 198 2613 dis
212 2567 360 2639 quoque
378 2541 544 2610 humanae
564 2538 803 2608 insinuaverat
819 2538 975 2636 suspicio
991 2537 1116 2606 animis
1127 2531 1159 2621 ³3
1173 2551 1209 2606 et

142 2651 306 2723 veneficii
331 2651 481 2747 quaestio
505 2673 549 2717 ex
577 2648 909 2736 senatusconsulto,
930 2646 1030 2745 quod
1051 2649 1087 2716 in
1111 2645 1208 2718 Urbe

143 2763 337 2859 propiusve
346 2758 482 2829 Urbem
499 2757 623 2829 decem
641 2757 802 2828 millibus
820 2782 990 2857 passuum
1007 2773 1100 2829 esset
1112 2781 1209 2827 com-

143 2872 313 2957 missum,
333 2872 372 2938 C.
394 2866 544 2939 Claudio
561 2869 726 2965 praetori,
747 2871 863 2964 quiin
886 2870 1006 2940 locum
1022 2870 1074 2938 Ti.
1090 2869 1208 2937 Minu-

142 2983 188 3052 cii
214 2995 290 3051 erat
314 2977 505 3064 suffectus3
535 2978 630 3049 ultra
655 2978 835 3049 decimum
863 2978 1016 3075 lapidem
1043 3001 1108 3072 per
1132 2974 1208 3045 fora

142 3090 477 3186 conciliabulaquet
490 3094 529 3161 C.
544 3090 694 3177 Maenio,
716 3092 815 3185 prius
833 3113 940 3185 quam
955 3089 992 3156 in
1012 3084 1209 3156 Sardiniam

142 3203 364 3300 provinciam
381 3199 580 3293 trajiceret,
601 3199 752 3270 decreta.
770 3203 942 3296 Suspecta
958 3196 1114 3268 consulis
1133 3210 1208 3265 erat

143 3337 241 3384 mons
257 3312 420 3383 maxime.
445 3312 599 3381 Necatus
617 3334 637 3379 a
656 3312 790 3397 Quarta
809 3307 956 3377 Hostilia
978 3330 1091 3374 uxore
1111 3302 1206 3374 dice-

142 3420 257 3492 batur.
275 3427 324 3493 Ut
340 3419 489 3517 quidem
506 3417 602 3487 filius
619 3419 695 3511 ejus
713 3421 756 3506 Q.
777 3416 921 3487 Fulvius
940 3414 1085 3485 Flaccus
1101 3415 1138 3481 in
1155 3413 1205 3482 lo-

143 3556 224 3602 cum
243 3533 357 3603 vitrici
377 3528 503 3601 consul
522 3543 575 3598 est
600 3527 816 3615 declaratus,
831 3528 1013 3623 aliquanto
1028 3526 1138 3619 magis
1155 3526 1207 3592 in-

178 3790 203 3834 ll.
221 3789 314 3833 Proeter
324 3787 457 3834 exercitum
471 3796 592 3842 veterem,
610 3785 653 3848 qui
697 3805 739 3848 ea,
757 3795 829 3842 nullis
843 3792 1020 3840 occetrrentibas
1037 3803 1115 3838 tantae
1128 3794 1206 3841 cladis

147 3877 253 3922 ...erat‚
268 3866 331 3913 sorte
350 3865 468 3913 exercitus
487 3876 595 3922 veteres,
610 3865 653 3928 qui
696 3872 781 3918 causis.
793 3873 884 3921 En.—
895 3871 1029 3918 Decemviri
1045 3871 1118 3919 libros
1132 3871 1205 3936 inspi-

142 3957 220 3992 erant.
230 3945 278 3993 Sed
288 3946 360 3993 etiarn
370 3961 442 4010 snpra
451 3944 500 3992 hoe
510 3959 565 4008 cap.
574 3956 598 3992 et
608 3945 651 3992 int.
696 3966 765 4007 cem
775 3951 831 3997 virle
845 3950 878 3997 ad
893 3953 943 4007 111,
962 3967 1007 4008 ιο,
1022 3967 1047 3998 n.
1062 3954 1087 3998 6.
1096 3978 1131 3987 -
1142 3953 1204 3999 Con·

142 4037 195 4087 etp.
207 4025 254 4082 38,
266 4023 314 4071 (llei
329 4024 473 4081 exereitum,
485 4023 539 4071 teil·
551 4025 593 4087 qul
604 4024 653 4072 cul·
695 4030 745 4085 sul,
757 4029 799 4092 qui
808 4040 928 4093 superstes
938 4032 1087 4088 erat‚altero
1096 4042 1204 4081 mortuo.

142 4115 189 4162 que
201 4101 296 4149 consuli
308 4112 385 4162 esset,
395 4114 479 4150 monet
488 4103 563 4150 an.
733 4125 757 4155 α.
773 4109 891 4156 Coronati
907 4121 931 4155 et
948 4109 1058 4157 laterem
1064 4145 1072 4167 ,
1090 4120 1136 4158 etc.
1148 4109 1204 4156 vide

177 4180 237 4228 Car.
254 4183 392 4230 XXXVII.
413 4198 433 4230 1.
450 4183 490 4229 Ea
510 4181 604 4236 clades,
623 4198 650 4228 ea
695 4187 938 4248 ndxx111,11‚n.
955 4209 977 4251 7.

141 4257 263 4306 calamitas
282 4277 326 4324 per
339 4259 500 4324 pestilentiam
519 4258 592 4306 illata·
611 4259 651 4305 Sic
731 4267 754 4312 3.
777 4267 947 4317 Insitmaverat
973 4270 1076 4333 suspicio
1099 4267 1204 4323 animis,-

142 4337 189 4395 vt,
202 4354 236 4385 ao
248 4337 290 4386 fin.
306 4341 385 4387 clades
396 4340 486 4387 dicitur
497 4337 527 4384 de
535 4337 650 4400 pestilen-
695 4345 750 4393 vide
761 4347 791 4394 nd
802 4350 840 4406 ΙΙ,
854 4350 918 4407 3‚n‚
929 4367 954 4397 2,

141 4415 238 4472 rimant
250 4417 396 4466 calamitosis
407 4417 551 4482 pestilentIae
560 4415 650 4463 effecti·
732 4425 754 4472 t.
767 4421 833 4465 Fora
850 4421 1061 4484 conciliabulaque
1068 4437 1077 4473 ;
1099 4418 1154 4464 vide
1173 4418 1204 4464 ad

142 4485 200 4535 bue:
212 4480 352 4536 Pestilentia
364 4489 437 4536 etiam
450 4487 516 4536 brevi
524 4501 654 4549 consequu-
694 4489 776 4547 XXV,
789 4490 816 4547 5,
832 4507 857 4538 n.
871 4493 895 4539 3.
