2722 5040
149 766 222 847 480
578 758 791 833 T.'L1vt1

149 885 356 988 praelectum
372 885 530 967 socium,
543 884 587 954 ad
601 883 733 954 vallum
754 883 911 955 hostium
928 908 1010 955 cum
1028 882 1214 983 equitibus

149 990 459 1069 extraordinariis³
479 993 626 1064 sinistrae
646 994 708 1065 alae
728 994 847 1064 mittit.
867 996 968 1084 Quos
986 993 1051 1065 ubi
1072 1010 1109 1066 et
1125 1019 1214 1094 pro·

150 1110 231 1209 pius
248 1104 437 1189 accedere,
451 1118 487 1174 et
503 1102 643 1200 plures,
665 1127 774 1200 quam
793 1103 888 1174 soliti
906 1119 1025 1190 erant,
1041 1101 1214 1176 Celtiberi

149 1228 432 1314 conspexerunt,
449 1213 567 1283 omnis
584 1215 764 1310 equitatus
779 1211 978 1284 effunditur
996 1215 1118 1285 castris
1136 1241 1145 1284 :
1167 1215 1213 1285 si·

148 1327 224 1398 mul
241 1341 277 1396 et
294 1321 471 1422 peditibus
487 1323 627 1418 signum
645 1319 689 1393 ad
705 1322 910 1393 exeundum
930 1322 1045 1394 datur.
1069 1323 1211 1397 Scribo·

149 1438 250 1519 nius,
264 1434 315 1504 uti
331 1445 549 1529 praeceptum
563 1446 653 1514 erat,
666 1431 730 1503 ubi
743 1434 900 1530 primum
912 1430 1094 1506 fremitum
1108 1458 1213 1533 eque·

148 1546 301 1616 suium⁴
324 1541 477 1628 audivit,
499 1544 624 1611 avertit
643 1565 778 1638 equos,
799 1559 836 1614 et
860 1558 973 1614 castra
996 1545 1146 1642 repetit:
1167 1568 1211 1617 eo

148 1654 298 1728 effusius
313 1655 416 1750 sequi
433 1653 572 1738 hostes,
592 1654 710 1751 primo
726 1656 980 1750 equites,m0x
995 1668 1031 1724 et
1048 1653 1210 1751 peditum

147 1767 241 1837 acies
253 1765 396 1848 aderat,
419 1761 514 1833 haud
535 1761 646 1834 dubia
665 1788 751 1862 spe,
772 1780 886 1835 castra
904 1789 948 1835 eo
964 1764 1019 1834 die
1039 1788 1076 1834 se
1094 1789 1211 1863 oppu-

147 1890 328 1973 gnaturos.
349 1874 572 1970 Quingentos
592 1897 738 1971 passus,
760 1899 835 1950 non
854 1873 957 1973 plus,
979 1898 999 1945 a
1016 1874 1112 1969 vallo¹
1130 1874 1211 1947 abe·

146 2002 236 2058 rant
252 1991 395 2081 ltaque,
412 1982 476 2054 ubi
492 1982 638 2055 Flaccus
656 1985 739 2055 satis
756 1982 952 2055 abstractos
970 2009 1032 2054 eos
1053 2009 1074 2055 a
1094 1986 1211 2083 praesi·

147 2096 209 2167 dio
223 2111 421 2168 castrorum
433 2118 584 2164 suorum
599 2109 695 2165 ratus
709 2109 783 2178 est,
797 2095 891 2165 intra
904 2093 1038 2165 vallum
1052 2095 1210 2166 exercitu

147 2208 337 2289 instruct0,
354 2201 470 2274 tribus
485 2202 645 2301 partibus
658 2203 765 2274 simul
780 2207 956 2302 erumpit,
971 2204 1126 2275 clamore
1138 2230 1210 2276 non

146 2331 285 2387 tantum
308 2314 352 2386 ad
375 2313 540 2385 ardorem
566 2339 696 2412 pugnae
718 2313 947 2386 excitandum
965 2313 1127 2402 sublate,
1148 2313 1210 2387 sed

146 2427 254 2498 etiam
268 2441 326 2512 nt,
341 2426 405 2521 qui
423 2426 458 2494 in
477 2423 662 2495 montibus
678 2439 798 2511 erant,
813 2422 1035 2495 exaudirent.
1051 2426 1127 2496 Nec
1142 2450 1209 2496 mu

146 2537 211 2607 rati
226 2550 328 2620 sunt,
347 2535 436 2630 quin
454 2533 706 2621 decurrerent,
721 2535 813 2605 sicut
827 2534 1041 2632 imperatum
1053 2548 1148 2620 crat,
1167 2533 1210 2607 ad

146 2660 278 2731 castra3
301 2643 364 2714 ubi
388 2645 551 2741 quinque
580 2644 731 2715 millium
759 2660 975 2716 :innatorum
988 2641 1015 2732 ⁵,
1040 2670 1115 2716 non
1137 2670 1211 2718 am·

147 2755 256 2854 plius,
271 2753 434 2824 relictum
445 2769 521 2824 erat
533 2753 748 2851 presidium.
763 2756 864 2844 Quos
879 2779 991 2851 quum
1005 2769 1042 2824 et
1054 2757 1211 2852 paucitas

145 2891 229 2953 sua,
251 2879 287 2935 et
308 2862 502 2933 multitudo
522 2862 702 2949 hostium,
725 2879 762 2934 et
780 2864 975 2961 improvisa
993 2889 1050 2934 res
1069 2866 1211 2937 terruis-

148 2989 223 3060 set,
240 2997 355 3072 prope
374 2974 450 3043 sine
473 2975 664 3044 certamine
682 2972 873 3070 capiuntur
895 2987 1018 3044 castra.
1039 2976 1171 3047 Castris
1180 2970 1210 3060 ⁶,

182 3179 205 3224 3.
217 3174 344 3240 Equitibus
362 3173 584 3230 extraordinariis;
600 3173 656 3221 ride
700 3174 829 3222 Gronovio
836 3189 893 3221 vero
903 3209 910 3233 ‚
919 3175 973 3238 ipso
982 3174 1058 3224 Druk.
1065 3185 1141 3233 teste,
1150 3168 1210 3223 nnlll

145 3256 177 3304 ad
189 3256 239 3314 111,
255 3256 282 3312 5,
296 3270 321 3301 n.
336 3254 360 3301 3.
700 3252 956 3301 laventcodices.llu.
996 3296 1002 3305 ,

182 3344 205 3392 t.
230 3332 362 3382 Fremitum
390 3331 549 3395 equestrium,
582 3331 656 3377 immo
736 3332 760 3379 5.
781 3331 894 3395 err'nque
917 3331 1020 3379 millium
1040 3344 1209 3382 armatorum:

144 3425 292 3481 equestrem,
308 3421 336 3458 ut
355 3409 446 3457 dicitnr
457 3409 568 3473 procella
586 3424 657 3472 eque·
700 3432 712 3452 ι
721 3411 777 3459 Νοιι
787 3410 898 3473 estquod
908 3410 1095 3475 quingentorum
1104 3422 1210 3460 ututu-

144 3494 207 3550 sm's,
222 3504 300 3539 terror
313 3487 437 3552 equestris,
453 3487 572 3535 auxilium
585 3500 656 3550 eque·
699 3505 753 3535 rum
763 3488 875 3536 emendet
887 3505 942 3536 cum
959 3489 1027 3538 Gur.
1040 3489 1142 3538 etaliie:
1153 3506 1208 3539 nen

147 3585 209 3628 sere,·
228 3570 283 3617 vide
300 3583 372 3632 supra
387 3567 418 3614 ad
431 3566 474 3614 lib.
486 3568 526 3626 X,
540 3566 570 3622 5,
585 3582 612 3613 u.
627 3573 652 3620 t.
699 3583 754 3614 eum
764 3571 791 3615 L.
808 3567 888 3615 Acilio
900 3583 951 3615 non
964 3578 1057 3615 tautum
1069 3568 1140 3616 misen
1152 3581 1209 3618 nint

143 3653 208 3700 Mox
221 3660 302 3696 castra
320 3663 348 3693 eo
365 3645 405 3692 die
418 3661 444 3693 se
458 3655 655 3709 expugnaturos:
699 3662 744 3694 sex
752 3646 826 3693 millia
836 3646 999 3702 auxiliorum,
1010 3646 1054 3693 sed
1064 3657 1088 3694 et
1097 3647 1144 3695 alie
1154 3648 1211 3696 tiul-

142 3734 221 3779 Gron.
242 3739 266 3775 et
281 3725 356 3774 Drnk.
372 3751 406 3761 -
422 3723 538 3787 Doering.
557 3739 654 3786 quoque
698 3736 747 3773 stru
765 3726 902 3783 sociorum,
922 3725 941 3773 i.
961 3741 982 3771 e.
1002 3724 1098 3790 pedites
1118 3727 1170 3786 ejus
1186 3736 1210 3776 et

143 3817 328 3873 expugnaturos
353 3802 457 3868 probare
475 3801 587 3859 videtur,
609 3802 655 3850 etsi
698 3805 1007 3869 persequitum.Alever0
1021 3805 1118 3853 socialis
1127 3806 1209 3854 sium

143 3895 325 3951 oppugnaturos
339 3881 451 3929 ediderit.
468 3882 543 3941 «Se,
559 3879 654 3943 inquit,
698 3884 787 3943 major,
805 3894 870 3931 certe
888 3882 954 3931 haud
972 3883 1053 3930 minor
1071 3894 1123 3940 est,
1139 3900 1209 3948 qum

144 3981 222 4029 quum
242 3980 255 4010 ι
274 3963 409 4017 Romanis,
430 3976 475 4025 per
501 3959 583 4024 plnres
604 3959 655 4007 dies
698 3961 763 4025 legio
776 3977 891 4020 romana,
905 3977 960 4024 quae
974 3961 1038 4008 cirre
1051 3962 1104 4010 haec
1118 3973 1209 4027 tempo-

143 4046 206 4092 intra
226 4053 303 4090 caetra
324 4058 350 4088 se
369 4039 568 4095 contineutibus,
588 4037 654 4086 nullu
698 4057 723 4087 ra
742 4041 851 4105 quinque
869 4040 1002 4088 admodum
1020 4040 1124 4089 millium
1139 4040 1209 4107 pedi·

143 4121 224 4171 adhuc
235 4134 325 4184 pugnae
339 4119 401 4165 lacta
420 4128 483 4164 esset
501 4118 587 4181 copia,
600 4133 655 4180 epea
697 4130 750 4166 tum
763 4130 786 4166 et
799 4119 862 4168 CCC
870 4120 979 4183 equitum
988 4118 1041 4166 luit
1056 4122 1132 4168 Recte
1138 4121 1209 4184 igitur

144 4217 202 4250 sane
221 4211 245 4247 et
263 4195 463 4244 ficulneorum
481 4207 559 4243 castra
579 4211 655 4259 oppu-
698 4199 781 4247 Livius
790 4199 928 4248 Celtiberos
938 4215 989 4263 prae
998 4198 1110 4247 hostibus
1119 4210 1146 4247 ut
1154 4214 1210 4265 pau·

141 4278 238 4346 guuudi
264 4275 392 4325 Celtiberis
421 4273 484 4321 haud
509 4273 595 4323 deluit.
620 4280 655 4323 At
699 4294 742 4325 cos
754 4277 917 4326 consideravit
927 4300 947 4326 ι.
957 4275 1033 4325 Drak.

144 4375 223 4417 nunc,
235 4357 296 4404 lacta
307 4369 395 4419 pugnae
405 4354 489 4416 eopia,
500 4369 524 4400 ee
533 4352 658 4414 nonium,
735 4357 760 4404 6.
774 4357 877 4414 Castris,
893 4373 949 4421 quoe
956 4373 1033 4421 pars,
1049 4368 1096 4405 etc.
1111 4371 1172 4422 pro:
1185 4368 1208 4404 et

146 4441 172 4487 in
195 4452 277 4503 pugna
297 4435 434 4488 victorum,
455 4442 532 4479 cestre
555 4432 655 4489 {omiss
699 4435 797 4498 quidem
811 4437 998 4501 eiparti,quoe‚
1012 4436 1209 4485 ueaetcasem-

145 4527 329 4582 expugnaturos
341 4529 391 4561 esse
404 4526 499 4576 sperare
512 4521 624 4575 poterant
634 4535 653 4562 n.
699 4531 752 4561 rum
760 4515 842 4578 perti,
853 4531 909 4578 quoe
918 4515 1039 4570 maxime,
1049 4525 1096 4562 etc.
