2722 5040
175 721 243 792 250
420 791 423 795 ,
599 725 637 791 ι’.
663 727 799 794 mvn
886 776 889 781 .
1088 709 1209 810 illiti

130 904 135 916 .
172 856 286 914 castra
301 846 464 943 sequuti,
480 843 687 916 ceciderunt
701 860 822 944 terga:
838 845 969 918 deinde
982 848 1020 918 in
1033 850 1156 920 castris
1172 875 1234 920 cu-

169 952 322 1050 piditate
337 954 464 1051 praedae
477 953 675 1043 haeserunt,
691 981 759 1027 nec
774 955 1014 1053 sequebatur²
1029 960 1232 1056 quisquam.

170 1068 213 1137 ln
228 1063 399 1138 cornibus
414 1065 507 1138 Galli
520 1066 655 1138 diutius
669 1081 865 1156 steterunt,
882 1069 967 1165 quia
982 1072 1097 1165 serius
1112 1071 1159 1141 ad
1173 1096 1235 1143 eos

171 1192 389 1274 perventum
406 1192 482 1249 est:
507 1191 676 1248 caeterum
699 1202 746 1248 ne
769 1179 926 1274 primum
947 1179 1094 1275 quidem
1113 1182 1233 1276 conje-

170 1301 268 1359 ctum
281 1289 437 1360 telorum
451 1287 625 1360 tulerunt.
640 1287 792 1373 Consul,
804 1289 870 1385 qui
879 1289 1060 1386 ingressos
1071 1291 1110 1360 in
1121 1305 1234 1362 castra

170 1396 219 1471 ab
233 1398 435 1496 direptione
448 1396 655 1471 abstrahere
670 1424 747 1469 non
760 1412 920 1497 poterat,
936 1423 1020 1487 eos,
1033 1400 1148 1496 quiin
1161 1423 1234 1471 cor-

171 1506 279 1580 nibus
303 1507 464 1596 iuerant,
489 1523 665 1608 protenus
689 1508 734 1579 ad
757 1507 961 1604 sequendos
983 1508 1105 1582 hostes
1127 1510 1232 1580 misit.

169 1623 237 1691 Per
248 1618 474 1717 aliquantum
484 1620 640 1718 spatium
654 1621 818 1716 sequuti,
832 1643 908 1690 non
918 1619 1000 1717 plus
1013 1634 1136 1692 tamen
1149 1622 1233 1693 ecto

170 1729 281 1801 millia
298 1730 487 1804 hominum
507 1731 546 1800 in
564 1727 648 1827 fuga
659 1730 765 1823 (nam
780 1752 903 1826 pugna
922 1729 1022 1800 nulla
1038 1727 1131 1825 fuit)
1145 1731 1240 1802 cece

169 1839 327 1913 derunt:
351 1841 483 1938 reliqui
506 1839 642 1911 flumen
666 1839 781 1936 Halyn
803 1839 1035 1934 trajecerunt.
1054 1844 1232 1913 Romano-

169 1976 251 2025 rum
272 1976 400 2050 magna
419 1976 501 2049 pars
523 1975 564 2022 ea
582 1965 689 2022 nocte
706 1952 744 2020 iu
765 1949 924 2022 hostium
939 1952 1063 2025 castris
1080 1954 1232 2037 mansit3

169 2075 318 2135 caeteros
333 2063 372 2132 in
392 2086 458 2132 sua
476 2075 590 2132 castra
608 2061 736 2134 consul
753 2058 908 2131 reduxit.
929 2066 1079 2134 Postero
1100 2061 1158 2133 die
1176 2087 1231 2134 ea·

170 2172 288 2270 ptivos
312 2171 542 2270 praedamque
565 2172 766 2253 recensuit;
789 2195 869 2266 quae
890 2171 1092 2260 meminit,
1116 2196 1232 2270 quan-

170 2298 244 2360 tam
269 2282 468 2354 avidissima
498 2281 661 2380 rapiendi
695 2307 807 2378 gens,
841 2307 957 2380 quum
988 2286 1038 2354 cis
1071 2298 1230 2354 montem

167 2399 327 2466 Taurum
357 2395 480 2471 omnia
507 2394 615 2463 armis
644 2392 868 2488 permultos
898 2394 1071 2463 tenuisset
1097 2416 1232 2475 annos,

170 2528 381 2577 coacervare
400 2503 530 2600 potuit.
555 2502 669 2589 Galli,
693 2528 739 2573 ex
758 2501 927 2600 dissipata
944 2503 1073 2599 passim
1093 2499 1178 2598 fuga
1194 2503 1231 2570 in

171 2639 287 2689 unum
304 2613 426 2685 locum
442 2614 660 2709 congregati,
669 2637 798 2708 magna
812 2635 893 2707 pars
908 2607 1052 2700 saucii³,
1066 2625 1128 2681 aut
1142 2613 1232 2680 iner-

169 2749 266 2810 mes,
286 2721 413 2794 nudati
426 2720 598 2793 omnihus
610 2720 736 2808 rebus,
753 2734 913 2793 oratores
926 2720 970 2792 de
984 2745 1071 2819 pace
1086 2720 1131 2791 ad
1147 2744 1232 2791 con·

168 2834 286 2909 sulem
304 2834 492 2906 miserunt.
511 2838 583 2904 Eos
602 2832 766 2911 Manlius
778 2830 961 2929 Ephesum
979 2832 1099 2902 venire
1113 2830 1229 2926 jussit.

168 2949 250 3044 lpse
267 2944 281 3041 (
290 2946 365 3040 J'am
391 2944 487 3017 euim
511 2941 670 3014 medium
685 2942 849 3012 autumni
864 2941 986 3035 erat),
1005 2941 1094 3012 locis
1106 2939 1232 3037 gelidis

168 3056 443 3155 propinquitate
458 3054 566 3123 Tauri
589 3054 722 3122 montis
747 3052 919 3122 excedere
936 3075 1155 3149 properans,
1177 3052 1230 3120 vi-

170 3182 309 3241 ctorem
323 3165 520 3237 exercitum
535 3164 572 3233 in
586 3160 738 3234 hiberna
752 3162 936 3233 maritimae
952 3185 1024 3231 orae
1041 3160 1193 3231 reduxit

217 3279 379 3348 XXVIII.
408 3279 506 3346 Dum
541 3273 614 3344 haec
641 3274 678 3341 in
708 3273 789 3342 Asia
813 3286 1009 3368 geruntur,
1033 3273 1072 3341 in
1096 3272 1230 3342 caeteris

169 3389 364 3488 provinciis
394 3383 598 3483 tranquillae
629 3407 686 3453 res
717 3381 874 3453 suerunt.
905 3386 1081 3453 Censores
1108 3385 1230 3451 Romae

168 3505 208 3572 T.
231 3498 401 3592 Quintius
419 3496 638 3568 Flamininus
656 3510 692 3565 et
710 3499 757 3565 Μ.
778 3490 948 3565 Claudius
965 3493 1155 3564 Marcellus
1173 3517 1230 3564 se·

169 3624 294 3681 natum
309 3607 558 3705 perlegerunt:
569 3607 737 3703 princeps
749 3592 940 3676 in'senatu1
958 3606 1104 3675 tertium
1116 3603 1230 3677 lectus

167 3723 204 3789 P.
220 3716 338 3815 Scipio
349 3714 557 3787 Africanus:
574 3729 731 3811 quatuor
746 3715 813 3785 soli
825 3717 992 3813 praeteriti
1006 3731 1106 3803 sunt,
1122 3738 1228 3786 nemo

168 3826 285 3899 curuli
305 3849 391 3896 usus
414 3825 564 3898 honore.
585 3830 629 3896 Et
651 3827 688 3895 in
712 3827 876 3922 equitatu
893 3826 1116 3898 recensendo
1133 3826 1230 3897 mitis

203 4034 228 4066 a.
240 4016 292 4064 Nec
307 4016 452 4080 sequebatur
471 4017 600 4080 qumquam
614 4018 677 4065 ultra
724 4033 752 4064 ιι
764 4051 772 4077 ,
783 4035 808 4066 n.
823 4021 838 4068 8
852 4031 877 4066 ot
891 4033 930 4066 ιο.
942 4018 1013 4067 cont
1027 4021 1098 4066 otiam
1113 4017 1188 4068 Drak.
1203 4030 1227 4066 et

169 4099 260 4147 hostes.
720 4098 794 4145 Doer.
801 4096 834 4145 ad
844 4097 869 4145 h.
879 4097 895 4145 l.
906 4097 1102 4159 En-Quatuor
1111 4097 1158 4146 soli
1165 4115 1229 4162 μνα-

202 4177 227 4224 3.
241 4178 336 4239 Magna
353 4190 412 4238 pars
429 4172 508 4222 saucii
513 4192 524 4230 ‚·
537 4173 594 4222 vide
610 4175 642 4222 ud
653 4177 678 4234 1,
722 4176 788 4224 ceriti
802 4188 872 4234 suren
888 4175 938 4228 rid.
954 4176 1071 4234 xxvn,
1087 4192 1133 4236 11,
1147 4193 1173 4225 n.
1189 4194 1228 4224 11.

171 4267 216 4315 41,
227 4272 252 4303 n.
266 4271 288 4302 ι.
722 4281 756 4292 -
767 4258 797 4304 Iu
810 4254 920 4320 equitatu
933 4255 1095 4312 recensendo,
1111 4254 1137 4302 in
1147 4271 1229 4304 room-

202 4334 391 4387 cmxxvnl.
408 4349 430 4381 1.
443 4333 560 4395 maturi
567 4333 677 4400 perlege·
721 4335 790 4383 sione
805 4350 849 4384 seu
867 4348 969 4382 recensu
988 4334 1111 4397 equitnm,
1133 4333 1164 4382 de
1179 4351 1230 4398 quo

166 4428 233 4465 runc.
247 4414 360 4478 Prr'uceps
382 4412 407 4460 in
422 4423 509 4460 senatu
521 4429 563 4461 seu
581 4425 678 4462 matus
722 4413 778 4462 vide
793 4414 824 4463 ud
838 4414 890 4472 IX,
905 4413 988 4472 ⁴⁶2⁰·
1005 4428 1051 4473 ao,
1068 4423 1096 4462 ot
1110 4412 1142 4460 ad
1152 4413 1228 4462 Tacit.

165 4494 263 4544 areium
277 4495 365 4555 lutus,
380 4503 426 4543 ete.
445 4492 502 4542 vide
519 4493 551 4543 ud
561 4495 678 4554 mu,
722 4495 787 4542 Anu.
799 4495 840 4552 ll,
854 4492 937 4552 sam.
950 4507 988 4539 ιο.
