2722 5040
140 837 268 936 titt:
320 861 416 931 tin.
444 860 622 930 xxxvi.
649 857 1005 929 cnr.xr1.x111.
1145 855 1189 928 25

119 971 270 1048 eihand
288 979 470 1078 perplexo
490 1003 687 1079 responso,
711 976 850 1050 nullam
870 1001 909 1048 se
928 1001 1058 1049 novam
1081 980 1192 1050 socie·

119 1099 250 1176 tatem,
270 1091 344 1161 nisi
357 1115 402 1162 ex
416 1091 630 1162 auctoritate
639 1084 898 1160 romanorum³
913 1088 1190 1186 imperatorum,

119 1212 357 1296 accepturos,
376 1202 566 1298 portisque
584 1199 733 1287 clausis,
751 1211 907 1291 armatos
924 1199 963 1268 in
984 1199 1097 1270 muris
1118 1198 1191 1270 dis-

120 1325 336 1404 posuerunt.
363 1314 408 1381 Et
430 1324 705 1409 peropportune
726 1307 771 1380 ad
792 1305 1061 1379 confirmandos
1081 1313 1190 1380 Acar·

120 1442 258 1490 uanum
277 1421 419 1492 animos
437 1424 503 1493 Cn.
522 1420 691 1492 Octavius
705 1421 834 1490 missus
851 1443 871 1489 a
891 1420 1059 1509 Quinti0,
1074 1443 1189 1516 quum

120 1529 326 1626 praesidium
349 1546 386 1604 et
408 1554 540 1630 paucas
563 1555 672 1602 naves
696 1530 743 1602 ab
768 1535 808 1601 A.
828 1531 1036 1619 Postumio,
1056 1533 1121 1627 qui
1143 1529 1189 1602 ab

120 1640 371 1742 Atilio‘legato
394 1642 623 1741 Cephaleniae
645 1643 857 1741 prepositus
880 1638 1017 1730 fuerat,
1039 1645 1191 1739 accepis

118 1765 190 1838 set,
205 1752 411 1825 Leucadem
422 1754 522 1825 venit
532 1809 542 1843 ,
553 1754 791 1852 implevitque
804 1754 880 1851 spei
894 1753 1030 1838 socios,
1045 1752 1101 1823 Μ’.
1115 1754 1191 1824 Aci·

119 1862 208 1932 lium
223 1864 411 1936 consulem
423 1864 497 1962 jam
512 1889 596 1937 cum
610 1863 817 1964 legionibus
830 1887 929 1934 mare
942 1863 1140 1956 trajecisse,
1154 1877 1190 1933 et

117 1972 155 2043 in
177 1974 359 2048 Thessalia
375 1991 490 2048 castra
506 2000 656 2048 romana
669 1999 758 2047 esse.
779 1979 886 2045 Hunc
904 1997 1086 2044 rumorem
1103 1974 1189 2069 quia

117 2084 272 2156 similem
293 2089 371 2157 veri
393 2101 539 2186 tempus
557 2089 644 2160 anni
661 2100 844 2157 maturum
860 2084 935 2179 jam
956 2083 1000 2154 ad
1019 2084 1189 2179 navigan-

116 2191 206 2264 dum
220 2192 389 2286 faciebat;
408 2220 491 2286 rex,
507 2196 673 2296 praesidio
691 2194 861 2268 Medione
876 2195 1072 2291 imposito⁴
1095 2209 1131 2264 et
1151 2194 1188 2263 in

115 2303 335 2400 quibusdam
352 2307 429 2379 aliis
442 2310 650 2379 Acarnaniae
666 2306 831 2406 oppidis,
844 2305 982 2401 Thyrio
997 2303 1188 2391 abscessit,

116 2428 154 2485 et
173 2439 241 2512 per
259 2415 395 2488 AEtoliae
416 2442 457 2490 ac
478 2417 646 2491 Phocidis
667 2417 778 2489 urbes
796 2414 1005 2489 Chalcidem
1027 2414 1144 2485 rediit.

164 2528 262 2596 Xlll.
278 2527 354 2599 Sub
368 2527 464 2600 idem
477 2543 622 2628 tempus
634 2533 684 2601 M.
700 2528 839 2600 Baebius
853 2542 891 2600 et
903 2526 1091 2625 Philippus
1103 2551 1187 2614 rex,

113 2635 188 2729 jam
201 2651 285 2708 ante
301 2662 368 2736 per
384 2639 541 2712 hiemem
560 2642 599 2711 in
617 2640 828 2712 Dassaretiis
847 2639 1051 2736 congressi,
1072 2662 1187 2734 quum

114 2750 181 2843 Ap.
204 2747 422 2839 Claudium,
447 2765 490 2823 ut
518 2750 710 2824 obsidione
735 2751 910 2821 Larissam
931 2749 1125 2833 eximeret,
1148 2750 1187 2820 in

115 2855 334 2930 Thessaliam
355 2862 554 2947 misissent,
572 2863 658 2960 quia
675 2860 711 2932 id
733 2875 877 2958 tempus
891 2857 1003 2930 rebus
1021 2856 1187 2955 gerendis

114 2967 349 3041 immaturum
371 2986 472 3062 erat,
492 2974 531 3043 in
554 2971 708 3044 hiberna
729 2972 902 3069 regressi,
925 2969 1106 3068 principio
1126 2993 1186 3040 ve·

113 3079 163 3147 ris
183 3080 388 3176 conjunctis
408 3085 524 3182 copiis
543 3084 582 3154 in
598 3083 818 3156 Thessaliam
840 3079 1117 3154 descenderunt.
1142 3084 1186 3149 In

113 3191 313 3262 Acarnania
327 3206 406 3263 uun
420 3194 623 3267 Antiochus
637 3208 724 3266 erat.
739 3194 983 3266 Advenientes
996 3191 1185 3288 Philippus

114 3297 294 3373 Malloeam
307 3302 538 3392 Perrhaebiae,
558 3304 697 3376 Baebius
718 3304 886 3375 Phacium
904 3317 958 3374 est
978 3323 1185 3396 aggressus,

113 3432 188 3504 quo
209 3414 329 3509 primo
348 3437 464 3512 prope
482 3416 622 3513 impetu
640 3428 767 3512 capto,
790 3413 970 3485 Phaestum
990 3408 1117 3480 eadem
1133 3432 1186 3478 ce-

115 3518 251 3593 leritate
270 3526 377 3622 capit.
392 3525 482 3597 Inde
501 3530 667 3599 Atracem
685 3550 800 3623 quum
823 3550 861 3596 se
883 3524 1097 3621 recepisset,
1112 3525 1184 3617 Cy-

114 3632 220 3702 retias
234 3631 321 3705 hinc
335 3648 372 3706 et
386 3636 538 3708 Eritium
552 3649 563 3680 ¹
587 3653 760 3735 occupat,
782 3634 1028 3735 praesidiisque
1049 3657 1115 3731 per
1131 3657 1186 3703 re·

114 3754 215 3838 cepta
246 3743 384 3842 oppida
415 3745 622 3845 dispositis,
654 3745 824 3844 Philippo
850 3768 976 3817 rursus
1002 3741 1186 3814 obsidenti

114 3850 294 3924 lllalloeam
318 3879 358 3926 se
383 3857 584 3956 conjungit.
616 3855 908 3930 Subadventum
926 3855 1068 3926 romani
1086 3878 1186 3926 exer·

146 4034 172 4081 3.
186 4033 246 4082 Nisi
259 4050 294 4082 ex
306 4036 454 4086 maruan
468 4055 627 4089 romanorum
672 4051 719 4097 ms,
733 4052 763 4089 ut
770 4039 910 4090 Postumius
919 4038 993 4088 suerit
1002 4037 1074 4088 Atilii
1082 4038 1184 4102 legatus.

113 4112 304 4177 motam,
319 4116 407 4175 Aelii,
419 4118 498 4179 Livii,
515 4121 627 4183 Quintil:
708 4129 732 4177 4.
742 4120 860 4169 Praesidio
869 4119 984 4168 Medione
993 4118 1185 4184 imposr't05ritle

114 4192 215 4242 uiaidd.
230 4195 259 4247 τὸ
269 4194 458 4259 &perosorum
471 4200 581 4248 Gronov.
591 4227 627 4236 -
669 4199 945 4260 mxxx1,1t,n.5.

116 4272 152 4319 Ab
167 4276 198 4321 A.
221 4273 365 4332 Postumio,
383 4276 428 4340 qui
446 4278 479 4324 ab
496 4277 573 4326 Atilio
593 4279 626 4327 le·
706 4282 767 4331 Cu.
780 4283 852 4330 xm.
869 4297 891 4328 1.
902 4279 1010 4343 Cyretias
1025 4276 1081 4324 liure
1092 4288 1117 4325 et
1128 4276 1183 4324 En'·

111 4363 182 4415 gato,
191 4364 240 4403 etc.
253 4353 301 4402 aad
310 4354 400 4404 Atilius
412 4368 504 4423 pretor
512 4359 576 4417 fuit,
586 4359 626 4407 cui
671 4360 746 4418 tium,
759 4360 791 4407 al.
805 4360 930 4424 Chyretias
941 4371 965 4407 et
978 4373 1026 4424 pro
1038 4356 1143 4404 Eritium
1153 4370 1184 4402 ex

113 4431 191 4481 clanis
207 4445 235 4484 et
260 4434 409 4483 Macedonia
434 4448 487 4485 erat
514 4438 626 4495 decretu
671 4439 767 4487 amend.
786 4441 869 4504 Sigon.
893 4439 1029 4495 Plancium
1048 4451 1119 4483 mom
1137 4437 1188 4480 tn:

113 4510 165 4560 vide
182 4513 213 4562 ad
233 4514 352 4573 xxxV,
368 4531 416 4573 ao,
442 4532 489 4575 at,
505 4519 547 4577 37.
563 4519 625 4567 Cum
671 4514 1183 4582 otidisptd.strah.x111,5830e621)‚

112 4592 161 4640 Jac.
179 4590 317 4642 Perizonio
339 4590 470 4657 legendnm
492 4608 545 4657 est,
563 4597 626 4660 laea·
670 4596 764 4645 ablnl.
776 4597 876 4645 alicime.
