2722 5040
189 687 258 761 350
610 690 649 756 r.
682 689 821 757 mvn
1093 668 1222 772 ὂῐὲἑὲῑ

184 844 201 879 «
213 812 283 884 bus
295 806 560 907 magistratibus
570 808 828 880 mandavimus.
838 812 912 881 Vos
920 831 1087 906 quoque,
1101 833 1246 906 aequum

183 937 287 1009 «est,
308 946 387 1019 quae
406 933 522 992 vestra
542 920 665 991 munia
686 933 789 1003 sunt,
812 942 887 1014 quo
909 918 1064 1015 quisque
1081 916 1163 989 loco
1180 942 1246 1015 po·

181 1034 301 1105 «situs
322 1032 413 1119 erit,
434 1026 535 1126 quod
555 1027 811 1127 imperabitur,
829 1028 978 1124 impigre
999 1041 1186 1126 praestare,
1207 1041 1245 1098 et

181 1175 198 1210 α
212 1144 298 1215 dare
314 1165 481 1241 operam,
500 1164 548 1210 ne
560 1137 649 1237 quid
663 1137 789 1210 fraude
806 1138 998 1209 noxiorum
1015 1135 1169 1234 periculi
1180 1152 1243 1208 aut

178 1285 196 1320 u
208 1253 387 1327 tumultus
402 1252 575 1321 oriatur».

228 1368 336 1435 XVII.
357 1361 511 1433 Recitari
533 1358 663 1431 deiude
687 1358 1018 1432 senatusconsulta¹
1035 1356 1240 1454 jusserunt,

178 1475 361 1570 indicique
376 1472 561 1572 praemium
576 1484 863 1568 proposuerunt,
879 1470 910 1541 si
923 1469 1004 1566 quis
1017 1492 1126 1564 quem
1142 1466 1189 1537 ad
1202 1492 1241 1538 se

177 1583 405 1669 deduxisset,
423 1604 602 1652 nomenve
629 1578 787 1652 absentis
808 1578 1005 1652 detulisset.
1028 1582 1101 1671 Qui
1121 1586 1239 1649 nomi·

176 1710 283 1765 natas
291 1693 528 1790 profugisset,
548 1690 643 1761 diem
660 1705 792 1772 certam
810 1692 1026 1786 sefim'turos
1035 1742 1046 1775 ,
1062 1687 1238 1785 adquam

175 1813 247 1880 nui
263 1814 392 1879 citatas
412 1805 667 1902 respondisset,
691 1803 821 1874 absens
842 1804 1087 1874 damnaretur.
1103 1806 1239 1900 Siquis

175 1942 316 2003 eoram,
336 1920 402 2013 qui
418 1931 494 1986 tum
511 1930 616 1987 extra
635 1923 789 1984 terram²
807 1912 954 1983 Italiam
970 1928 1102 1997 essent,
1123 1918 1237 1983 nomi·

173 2041 337 2112 nasetur,
355 2031 391 2095 ei
403 2023 579 2094 laxiorem
592 2023 690 2094 diem
702 2020 885 2108 dataros³‚
903 2028 937 2093 si
951 2027 1076 2093 venire
1088 2022 1142 2093 ad
1150 2048 1236 2093 cau·

172 2160 253 2204 sam
270 2134 462 2206 dicendam
476 2132 591 2204 vellet.
605 2132 804 2204 Edixerunt
820 2131 971 2219 deinde,
991 2158 1038 2204 ne
1052 2139 1134 2231 quis
1145 2135 1239 2231 quid

64 2262 67 2267 '
160 2248 271 2340 fugae
293 2270 405 2315 cansa
428 2243 652 2329 vendidisse,
674 2267 761 2314 neve
783 2248 909 2314 emisse
929 2240 1064 2313 vellet:
1087 2267 1134 2312 ne
1152 2249 1235 2340 quis

171 2357 379 2452 reciprerett,
400 2353 548 2440 celaret,
574 2377 642 2451 ope
666 2351 741 2424 ulla
753 2356 902 2449 juvaret
907 2356 1104 2450 fugientes.
1134 2358 1232 2425 Con·

168 2467 273 2537 cione
288 2462 447 2551 dimissa,
466 2479 583 2534 terror
597 2487 748 2560 maguus
761 2462 854 2534 urbe
868 2477 942 2534 tota
956 2461 1044 2550 fuit,
1064 2486 1132 2533 nec
1145 2485 1231 2532 mm

169 2572 278 2643 nibus
296 2597 333 2644 se
347 2587 488 2643 tantum
507 2571 605 2642 urbis
624 2589 686 2644 aut
700 2571 835 2644 finibus
851 2574 1009 2643 romanis
1032 2573 1229 2655 continuit,

167 2682 229 2754 sed
238 2685 367 2781 passim
377 2705 442 2780 per
449 2694 561 2752 totam
571 2683 720 2769 ltaliam,
734 2682 844 2753 literis
859 2683 1043 2781 hospitum
1063 2681 1109 2753 de
1124 2706 1228 2755 sena·

164 2792 407 2879 tusconsult0,
421 2806 456 2863 et
466 2793 659 2880 concione,
679 2806 715 2863 et
724 2792 843 2864 edicto
854 2793 1044 2863 consulum
1056 2794 1226 2890 acceptis,

166 2903 336 3001 trepidari
351 2915 513 2998 coeptum
529 2915 593 2971 est.
610 2901 716 2972 Multi
729 2926 771 2973 ea
784 2915 912 2991 nocte,
931 2929 1010 3000 quae
1025 2903 1121 2975 diem
1135 2905 1227 2976 inse-

163 3026 279 3108 quuta
287 3026 354 3095 est,
366 3035 440 3107 quo
450 3011 488 3081 in
498 3011 672 3082 concione
682 3012 862 3109 respaiam
874 3010 966 3084 sacta
975 3014 1225 3100 est,custodiis

161 3126 254 3194 circa
265 3136 387 3220 portas
397 3123 537 3219 positis,
552 3121 730 3219 fugientes
740 3124 962 3195 atriumviris
973 3125 1224 3223 comprehensi

162 3249 198 3306 et
210 3234 352 3304 reducti
365 3247 449 3303 sunt
464 3259 472 3301 ε
487 3232 686 3303 multorum
704 3235 853 3305 nomina
866 3233 997 3307 delata:
1015 3235 1164 3332 quidam
1178 3263 1223 3309 ex

161 3344 203 3414 iis
220 3344 290 3413 viri
309 3340 522 3439 feminaeque
542 3359 695 3412 mortem
716 3342 784 3414 sibi
805 3345 1066 3416 consciverunt.
1086 3349 1220 3443 Conju·

160 3477 254 3524 rasse
272 3477 381 3549 supra
402 3467 538 3548 septem
557 3451 667 3523 millia
687 3454 846 3524 virorum
866 3479 906 3526 ac
925 3455 1115 3527 mulierum
1133 3459 1221 3530 dice·

159 3560 303 3632 bantur.
335 3562 459 3657 Capita
487 3575 607 3655 autem
631 3563 889 3658 conjurationis
913 3567 1101 3639 constabat
1123 3594 1216 3658 esse,

202 3824 264 3872 Car.
285 3822 369 3869 xvn.
395 3839 417 3868 r.
437 3824 662 3882 Senatmconsrdta,
746 3846 770 3877 a.
782 3831 830 3893 Qm'
840 3842 889 3879 turn
899 3844 971 3881 extra
980 3845 1069 3882 terram
1079 3869 1087 3891 ,
1098 3847 1145 3884 ete.
1162 3836 1217 3885 vide

156 3905 219 3951 forte
238 3918 258 3949 s.
282 3902 434 3959 consultum,
455 3915 483 3950 ut
506 3920 565 3952 mox
591 3906 665 3954 literis
708 3908 833 3969 ad1,a5,
849 3927 874 3959 n.
894 3915 1048 3977 x.1iampro
1062 3915 1214 3980 neenc,jans,

156 3979 275 4045 hospitum
284 3979 315 4026 de
323 3981 392 4029 SCro.
406 3982 530 4029 -Indici
534 3985 663 4047 premium
707 4004 739 4034 ex
758 4002 860 4053 persona
877 3989 1010 4053 loquentis:
1029 3993 1110 4041 Livius
1126 4010 1157 4042 ex
1173 4011 1214 4042 sun

152 4070 345 4126 propusraeernnt;
357 4059 452 4107 vidend
462 4062 539 4119 m,
551 4063 593 4119 45,
603 4079 627 4111 u.
638 4072 662 4120 4.
707 4069 899 4131 posui13Buuer.

154 4137 406 4201 -erinominatrcs,
419 4140 586 4199 cujusnomen
598 4143 662 4191 deta-
741 4146 766 4193 3.
786 4147 916 4195 laxiorem
933 4146 997 4195 diem
1016 4149 1135 4207 daturos,·
1158 4152 1214 4199 vide

153 4232 205 4268 tum
214 4216 305 4264 fuisset.
318 4217 380 4263 Mox
383 4216 501 4284 finituros
512 4218 589 4277 diem,
602 4220 626 4269 b.
639 4239 659 4269 e.
705 4224 735 4272 ad
747 4229 769 4272 11
780 4261 787 4283 ,
798 4228 829 4281 34
839 4260 846 4284 ,
856 4243 879 4273 ιι.
893 4229 931 4274 ῐ3.

152 4295 330 4364 praefinitum,
350 4294 500 4344 definiturus.
513 4298 551 4345 Cf.
562 4299 593 4346 ad
608 4304 661 4353 lx.
741 4315 763 4362 4.
774 4309 813 4353 Ne
827 4307 881 4371 qais
899 4311 1027 4375 reciperet,
1039 4317 1103 4365 sorte
1116 4336 1161 4367 neu
1175 4323 1211 4368 rel

151 4393 205 4442 cap.
217 4376 248 4424 33
260 4407 267 4431 ‚
281 4391 304 4421 n·
317 4391 341 4421 2·
355 4376 400 4421 En.
704 4401 778 4439 nene,-
793 4388 876 4435 Bauer.
