2722 5040
327 49 340 71 ι
384 21 506 60 -.μω,
527 2 573 43 ue
594 0 600 3 ’
622 0 682 60 ··,
717 0 746 37 υ

126 87 226 165 stris,
243 83 286 152 ad
302 97 410 179 caput
431 84 527 152 Caici
547 84 661 153 amnis
678 85 803 153 stativa

129 197 288 265 exercitu
309 197 421 263 mixto
441 197 545 263 variis
568 221 611 264 ex
634 195 813 290 gentibus

127 310 165 375 in
198 306 384 376 Gallorum
412 305 607 377 mercedet
636 304 822 378 conductis

128 431 216 488 erat.
239 422 334 498 Hos,
357 415 482 514 paucis
499 414 682 503 admixtis,
705 415 750 487 ad
767 439 827 513 per

128 531 389 624 Pergamenum
418 548 545 622 agrum
578 525 684 597 misit.
712 524 835 620 Qua,

128 651 215 709 sunt
233 636 415 721 nuntiata,
436 635 555 733 primo
581 639 782 721 Eumenes,
805 658 839 703 aa

128 744 248 834 bello,
272 770 356 818 cum
379 744 490 816 classe
513 743 646 815 Elaeam
666 744 782 840 petit;
802 744 841 817 in

128 853 280 929 fuissent
294 854 434 950 equites
448 851 686 952 peditumque
700 853 849 952 expedit

129 980 249 1055 tutus,
270 965 370 1061 prius
390 987 501 1060 quam
518 962 641 1035 hostes
660 965 854 1048 sentirent,

129 1079 342 1171 Pergamum
358 1070 555 1144 contendit.
577 1071 634 1145 lbi
647 1097 771 1145 rursus
785 1073 860 1145 levi

129 1180 250 1280 praelia
277 1179 355 1252 fieri
382 1195 524 1279 coepta,
555 1186 718 1253 Eumene
747 1206 865 1255 summ

130 1288 368 1364 hauddubie
400 1291 633 1367 detrectante.
667 1296 802 1367 Paucos
833 1318 871 1393 pl

130 1402 332 1501 rhodiaque
357 1403 497 1493 classis,
520 1419 561 1475 ut
587 1406 663 1503 regi
690 1429 798 1504 opem
819 1402 873 1479 fer

131 1520 237 1587 Sarno
259 1528 449 1587 venerunt.
474 1518 576 1606 Quos
595 1514 660 1586 ubi
681 1517 873 1613 exposuisst

131 1641 165 1696 et
180 1638 235 1696 tot
256 1624 383 1696 classes
405 1626 444 1695 in
465 1648 580 1695 unum
601 1627 812 1699 convenisse
830 1650 873 1725 pu

131 1734 279 1806 allatum
296 1747 368 1819 est,
389 1749 425 1804 et
445 1733 513 1805 sub
541 1734 634 1805 idem
659 1749 803 1832 tempus
824 1760 873 1806 au

130 1869 214 1916 cum
233 1844 393 1915 exercitu
407 1843 483 1938 jam
499 1846 538 1914 in
552 1845 760 1916 Macedonia
775 1868 870 1930 esse,

131 1955 175 2025 ad
192 1954 380 2025 transitum
393 1952 618 2053 Hellesponti
636 1979 728 2052 opus
743 1966 873 2025 essent:

130 2078 252 2149 ratus,
275 2063 374 2160 prius
405 2087 515 2161 quam
540 2078 635 2137 terra
662 2064 825 2160 marique
852 2070 873 2135 si

130 2172 259 2269 agendi
280 2171 325 2243 de
346 2197 453 2271 pace,
472 2175 653 2246 tumulum
671 2172 865 2270 quemdam

130 2284 254 2354 castris
267 2285 373 2382 cepit.
387 2282 443 2356 Ibi
458 2285 621 2383 peditum
635 2283 806 2358 omnibus
819 2310 873 2356 coi

132 2395 297 2474 equitatu
319 2393 444 2458 (mm
466 2409 521 2430 ”·’
