2722 5040
177 698 297 813 titt:
340 720 432 788 nm.
459 719 556 787 xm.
583 717 749 786 surra.
775 719 878 787 can.
899 718 1044 787 xvnr.
1137 713 1207 812 569

151 840 277 927 [morte
291 841 332 922 Q.
344 837 471 920 Petillii,
482 838 657 902 exercitum
674 839 743 902 sine
758 837 841 903 duce
856 839 1002 902 relictum
1014 837 1055 902 ad
1065 860 1138 903 suas
1153 862 1209 922 po-

149 943 223 1030 pias
229 939 390 1025 adjunxit,
404 940 586 1028 iterumque
599 961 765 1028 aggressus
779 940 906 1020 hostes,
920 961 1034 1002 eorum
1051 940 1208 1028 sanguine

148 1043 277 1132 collegae
295 1041 444 1104 manibus
463 1041 589 1130 egregie
602 1041 789 1128 pareutavit.
805 1039 1031 1128 Triumphauit
1048 1038 1089 1104 de
1108 1041 1207 1130 Ligu-

148 1144 249 1208 ribus.
267 1144 305 1207 ln
326 1142 504 1231 legionem,
528 1141 620 1220 cujus
640 1155 716 1204 ante
733 1141 823 1230 signa
845 1141 959 1204 consul
975 1140 1099 1205 occisus
1116 1156 1203 1220 erat,

138 1267 256 1319 ‚severe
274 1244 314 1308 ab
326 1259 440 1307 senatu
452 1241 710 1306 animadversum
727 1258 785 1305 est.
802 1241 844 1305 Et
858 1241 1014 1305 universae
1025 1264 1133 1328 neque
1149 1241 1207 1304 sti·

148 1343 302 1433 pendium
316 1345 393 1408 anni
409 1342 595 1432 procedere,
608 1364 716 1430 neque
732 1365 793 1405 aera
806 1343 875 1407 dari
891 1343 1028 1432 placuit,
1043 1344 1133 1431 quia,
1145 1365 1206 1431 pro

148 1447 249 1511 salute
274 1445 492 1534 imperatoris,
515 1443 658 1508 hostium
681 1443 752 1506 telis
774 1465 809 1507 se
831 1466 898 1508 non
919 1444 1111 1508 obtulerant.
1137 1443 1205 1508 Sub

147 1547 215 1611 haec
234 1563 378 1635 tempora
392 1545 486 1635 legati
496 1543 738 1618 Dardanorum,
755 1566 837 1631 quos
853 1545 967 1633 ingens
982 1546 1205 1608 Bastarnarum

147 1649 320 1729 exercitus,
330 1647 487 1712 Clondico
501 1645 599 1727 duce,
611 1661 648 1709 ut
660 1660 734 1708 ante
747 1645 1011 1726 memoravimus,
1026 1645 1207 1734 premebat,
1221 1700 1224 1705 .

147 1750 282 1813 Romam
301 1773 426 1814 venere.
440 1749 507 1829 Qui
517 1769 619 1837 quum
627 1744 667 1809 de
676 1746 834 1810 Bastarnis
843 1746 1076 1834 exposuissent,
1088 1761 1207 1835 quanta

147 1867 230 1916 esset
247 1874 360 1915 eorum
378 1849 570 1930 multitudo,
583 1857 681 1937 quam
695 1870 828 1936 procera
839 1863 872 1911 et
884 1846 1036 1910 immania
1052 1870 1204 1935 corpora,

146 1968 265 2044 quanta
281 1953 314 2015 in
330 1951 480 2040 periculis
497 1949 645 2032 audacia,
660 1947 864 2030 adjecerunt,
883 1949 1065 2013 societatem
1083 1948 1121 2012 iis
1137 1971 1206 2013 esse

146 2075 220 2120 curn
247 2053 384 2134 Perseo,
410 2069 442 2116 et
467 2075 544 2116 vero
571 2074 647 2115 eunt
675 2050 787 2130 majori
815 2051 893 2134 sibi,
915 2074 1012 2139 quarn
1040 2052 1204 2114 Bastarnas

145 2153 250 2242 ipsos,
264 2177 333 2219 esse
346 2154 462 2230 terrori
476 2177 484 2219 :
500 2176 538 2218 ac
552 2154 688 2242 proinde
702 2170 740 2217 ut
755 2153 910 2217 auxilium
926 2153 986 2216 sibi
1004 2154 1152 2232 ferretur,
1161 2154 1202 2217 ab
1288 2156 1290 2166 ⁴

146 2271 256 2325 senuu
275 2256 489 2344 postularunt.
506 2254 615 2318 Patres
632 2255 857 2334 decreverunt,
881 2252 1054 2317 mittendos
1071 2275 1140 2317 esse
1156 2253 1204 2316 le·

146 2373 255 2444 gatos,
272 2358 328 2445 qui
348 2355 545 2421 Macedoniae
564 2378 613 2418 res
630 2356 847 2443 inspicerent:
862 2372 895 2419 et
911 2356 1016 2419 statim
1033 2357 1072 2419 Α.
1085 2354 1203 2418 Pos'tu-

146 2458 211 2522 mio
238 2458 404 2547 negotium
430 2456 556 2536 datum,
583 2449 687 2521 uteo
712 2455 977 2546 proficisceretur.
1005 2457 1149 2546 Collegae
1175 2456 1204 2520 ei

145 2557 362 2637 adjunxerunt
389 2557 629 2643 ejunioribus,
654 2575 691 2622 ut
715 2580 814 2645 penes
839 2581 915 2623 eurn
937 2559 1097 2649 praecipua
1123 2573 1208 2623 esset

144 2660 309 2750 legationis
333 2661 379 2725 vis
401 2677 434 2724 et
454 2660 637 2724 auctoritas.
656 2660 738 2723 Inde
757 2676 865 2724 actum
884 2660 925 2726 de
946 2663 1083 2727 comitiis
1104 2661 1205 2750 magi·

144 2777 302 2826 stratuum
315 2763 349 2825 in
364 2764 586 2849 insequentem
600 2784 723 2824 annum
737 2784 745 2825 ε
760 2786 825 2850 qua
842 2761 883 2828 de
897 2786 931 2827 re
951 2787 1018 2828 non
1035 2761 1205 2826 mediocris

145 2868 334 2959 disceptatio
356 2870 486 2951 incidit,
511 2868 626 2959 quod]
659 2865 766 2961 petiti
788 2864 1026 2960 religionum⁹
1042 2863 1205 2957 jurisque

144 2972 301 3070 publici,
321 2971 468 3070 quando
502 2972 576 3044 duo
605 2973 776 3045 ordinarii
805 2975 969 3045 consules
996 2972 1072 3065 ejus
1096 2973 1201 3056 anni,

143 3082 233 3154 alter
253 3082 404 3165 morbo,
428 3080 517 3152 alter
549 3081 645 3153 ferro
676 3084 861 3181 periisset,
892 3079 1083 3152 suffectum
1114 3106 1203 3152 con-

144 3191 256 3262 sulem
282 3191 461 3288 negabant
484 3205 581 3262 recte
606 3193 749 3262 comitia
765 3190 1032 3293 habereposse.
1059 3198 1142 3285 [Res
1162 3199 1202 3264 ad

143 3402 199 3452 pag.
216 3388 248 3435 ts
267 3399 291 3436 et
308 3403 350 3448 77.
369 3388 418 3438 Sed
436 3387 652 3451 praeseminare,
696 3387 766 3436 -ux
774 3386 850 3450 priori
861 3385 933 3443 loeo,
945 3384 1019 3434 Drak.
1030 3387 1122 3449 edidit,
1133 3405 1203 3452 nego„

145 3466 184 3514 vel
205 3483 237 3515 ex
255 3468 366 3532 proxima
391 3477 449 3513 nota
472 3482 488 3528 9
512 3474 587 3529 patet.
615 3467 651 3513 Eo
695 3466 756 3513 baut
771 3478 835 3512 recte
852 3464 951 3513 comitia
970 3463 1160 3528 labereposse:
1176 3469 1202 3517 in
1297 3506 1301 3514 .

143 3546 292 3594 Freinshem.
310 3547 382 3594 refert
395 3543 492 3609 poeuam
509 3543 584 3591 modo
603 3560 652 3591 tue·
695 3545 839 3609 posteriori,
850 3560 899 3592 vox
909 3556 973 3592 recte
987 3555 1037 3591 erat
1047 3545 1145 3594 umiae.
1156 3549 1202 3599 Eu.

144 3625 422 3688 moratam,legetiones
439 3640 453 3671 a
473 3622 593 3671 Dardanis
608 3625 656 3671 llo·
699 3652 733 3662 -
751 3627 806 3671 Duo
832 3622 955 3671 ordinarii
974 3625 1097 3680 consules,
1120 3627 1205 3690 primis

144 3719 206 3751 mam
227 3716 252 3752 et
271 3720 284 3751 a
306 3688 423 3752 Bdmenit
439 3705 464 3753 iu
483 3697 653 3751 Macedoniam
697 3704 771 3751 creati
788 3703 902 3750 comitiis.
914 3729 948 3738 —
962 3700 1093 3766 Suffectum
1112 3705 1139 3752 in
1158 3708 1203 3757 Cn.

144 3783 242 3840 missas,
258 3783 356 3831 comitia
370 3783 506 3832 consularia
523 3793 547 3830 et
563 3793 652 3846 praeto·
696 3783 803 3833 Cornelii
815 3782 937 3845 Scipionis
948 3781 1038 3828 mortui
1049 3782 1131 3832 locum
1145 3803 1203 3834 cort·

143 3861 193 3919 ria,
211 3877 297 3924 resque
308 3879 321 3908 a
333 3862 477 3911 consulibus
493 3861 518 3909 in
532 3861 609 3910 Gellia
627 3870 651 3910 et
695 3863 781 3917 sulem,
800 3863 829 3911 C.
840 3860 963 3908 Valerium
980 3862 1117 3921 Laevinum,
1131 3882 1203 3930 nega·

143 3940 271 4004 Liguribus
283 3952 356 4005 gesta.
611 3970 624 4011 -χ
695 3938 960 3987 bantcomt'tt'altabere
971 3957 1061 4004 poste:
1074 3955 1155 3992 utrum
1168 3955 1203 3993 ta·

177 4021 264 4068 Soter„
279 4020 349 4084 rign.
361 4023 426 4068 Anu.
440 4022 512 4070 Rom.
522 4020 646 4067 -Valen
692 4017 914 4077 meaeahabuen't,
924 4035 954 4067 an
964 4037 1002 4067 res
1012 4024 1094 4085 potius
1103 4024 1200 4071 redierit

141 4099 298 4164 Max.11,7.
316 4099 414 4148 -Liu
429 4099 587 4158 xt,5t.-
602 4103 648 4148 Po·
692 4098 723 4144 etl
746 4100 925 4161 interregnum,
949 4100 1095 4164 ignoramus.
1120 4103 1202 4150 nicu-

142 4175 193 4238 lyb.
209 4180 289 4241 legat.
304 4179 346 4225 ba.
672 4227 674 4231 ,
692 4186 769 4223 torem
788 4194 844 4225 vero
863 4179 1017 4227 comitiorum
1035 4178 1200 4227 habendorum

178 4271 203 4317 9.
224 4256 299 4303 Periti
316 4257 474 4320 legionum...
496 4271 586 4316 posse:
601 4255 648 4304 hoe
692 4273 763 4306 eausa
777 4258 841 4306 haud
854 4257 947 4307 dictum
960 4259 1201 4319 suismexeocolli·

144 4334 301 4398 fragmentum
311 4332 418 4398 astion.
431 4335 547 4381 intertum
558 4349 588 4381 ex
597 4335 648 4383 Pri·
692 4337 729 4401 git
739 4337 823 4402 rign..
837 4338 904 4401 quod
919 4339 986 4387 nulla
999 4338 1050 4397 dus
1061 4337 1095 4384 rei
1108 4339 1202 4387 mentio

144 4411 219 4474 seiani
231 4412 272 4461 lib.
286 4415 373 4470 nvn,
393 4427 448 4476 pag.
461 4411 525 4458 1050
540 4421 563 4459 et
573 4427 648 4479 ¹⁰⁹7·
693 4415 721 4466 lit
729 4417 755 4465 in
765 4419 841 4466 Fastis
850 4419 956 4482 Capitol.
