2722 5040
169 717 289 830 31232232
454 741 544 807 cua.
573 742 648 806 xc.
676 740 830 807 ntur
858 741 904 804 11.
1131 736 1196 828 247

141 864 189 931 Μ.
204 858 364 957 Ogulnio
377 857 498 943 Gallo,
516 860 611 929 inter
623 859 830 956 peregrinos
843 862 891 927 Μ.
906 856 1049 926 Valerio
1064 856 1199 941 evenit,

142 968 393 1065 Hispaniarum
407 970 451 1056 Q.
466 967 592 1038 Fulvio
605 967 730 1038 Flacco
745 968 900 1054 citerior,
914 971 948 1036 P.
964 965 1098 1035 Manlio
1110 963 1200 1035 ulte-

141 1077 227 1161 rior,
243 1079 282 1145 L.
304 1076 444 1147 Caecilio
462 1080 589 1147 Dentri
607 1077 740 1162 Sicilia,
761 1079 800 1147 C.
817 1077 985 1146 Terentio
1002 1080 1098 1145 Istrae
1119 1080 1200 1146 Sar-

142 1186 249 1257 dinia.
265 1186 440 1257 Consules
453 1184 613 1258 delectus
624 1185 756 1257 habere
769 1185 869 1279 jussi.
885 1188 928 1275 Q.
946 1184 1075 1255 Fabius
1089 1211 1132 1255 ex
1144 1186 1200 1255 Li·

141 1296 290 1393 guribus
303 1298 507 1394 scripserat,
518 1302 687 1394 Apuanos
698 1296 745 1367 ad
757 1294 1014 1367 rebellionem²
1027 1310 1198 1392 spectare,

144 1407 416 1504 periculumque
439 1433 535 1494 esse,
563 1433 610 1479 ne
632 1409 806 1504 impetum
832 1409 868 1476 in
892 1430 1013 1503 agrum
1033 1407 1200 1476 Pisanum

142 1517 311 1589 facerent.
333 1522 375 1588 Et
391 1543 435 1589 ex
452 1519 649 1616 Hispaniis,
668 1519 872 1588 citeriorem
886 1520 923 1586 in
937 1517 1043 1587 armis
1057 1539 1150 1602 esse,
1165 1530 1201 1585 et

143 1652 225 1701 cum
236 1628 424 1701 Celtiberis
437 1627 563 1699 bellari
576 1627 755 1713 sciebant,
777 1630 813 1696 in
828 1627 1018 1711 ulteriore,
1038 1627 1122 1722 quia
1137 1623 1200 1694 diu

142 1765 234 1836 aeger
245 1755 376 1836 praetor
390 1754 503 1826 esset,
517 1740 658 1809 luxuria
672 1753 706 1809 et
720 1740 795 1809 otio
809 1737 965 1809 solutam
976 1737 1200 1834 disciplinam

142 1850 332 1921 militarem
348 1874 435 1921 esse.
462 1848 521 1920 Ob
542 1875 584 1921 ea
602 1874 714 1919 novos
734 1849 910 1919 exercitus
925 1846 1102 1918 conscribi
1124 1846 1200 1942 pla-

142 1959 236 2045 cuit;
260 1972 419 2055 quatuor
437 1959 595 2056 legiones
613 1961 650 2028 in
669 1959 836 2056 Ligures,
856 1958 911 2028 uti
930 1956 1076 2054 singulae
1091 1957 1201 2053 quina

142 2068 251 2140 millia
265 2084 301 2140 et
315 2068 476 2140 ducenos
493 2068 653 2166 pedites,
669 2083 833 2138 trecenos
851 2065 1025 2137 haberent
1041 2066 1198 2161 equites:

141 2180 323 2249 sociorum
341 2180 465 2250 iisdem
492 2178 590 2249 latini
612 2177 769 2248 nominis
789 2175 996 2272 quindecim
1012 2172 1121 2243 millia
1139 2196 1201 2269 pe-

142 2286 256 2359 ditum
268 2288 406 2373 addita,
422 2304 455 2359 et
471 2290 669 2385 octingenti
684 2289 841 2384 equites:
858 2287 895 2357 hi
910 2286 983 2355 duo
997 2282 1203 2355 consulares

142 2401 319 2470 exercitus
331 2415 458 2471 esseut.
472 2399 634 2470 Scribere
650 2413 816 2496 praeterea
830 2399 919 2492 jussi
937 2410 1074 2493 septem
1093 2393 1201 2464 millia

142 2504 304 2601 peditum
325 2509 505 2577 sociorum
523 2534 563 2578 ac
583 2507 683 2578 latini
698 2509 855 2578 nominis
870 2522 906 2578 et
919 2504 1202 2603 quadringentos

142 2618 301 2711 equites,
320 2631 355 2687 et
378 2619 519 2689 mittere
535 2618 580 2688 ad
599 2623 645 2688 Μ.
667 2616 875 2688 Marcellum
898 2619 935 2686 in
955 2616 1125 2701 Galliam,
1145 2616 1202 2685 cui

142 2748 183 2792 ex
211 2726 399 2796 consulatu
426 2741 660 2825 prorogatum
691 2729 880 2825 imperium
900 2741 985 2797 erat.
1013 2730 1054 2795 In
1079 2726 1201 2821 Hispa-

142 2832 237 2903 niam
255 2836 361 2904 etiam
375 2849 564 2933 utramque
579 2862 658 2933 quae
678 2836 907 2925 ducerentur,
921 2851 1078 2933 quatuor
1091 2833 1202 2904 millia

143 2939 305 3036 peditum
325 2945 455 3014 civium
473 2944 707 3017 romariorum
719 2962 755 3017 et
768 2946 915 3019 ducenti
930 2949 1084 3043 equites,
1100 2958 1135 3015 et
1148 2970 1203 3014 so·

142 3051 278 3122 ciorum
292 3068 431 3151 septem
443 3055 553 3126 millia
565 3056 726 3154 peditum
740 3082 821 3127 cum
838 3056 1007 3128 trecentis
1021 3050 1202 3149 equitibus

142 3160 250 3231 scribi
260 3162 365 3257 jussa.
384 3170 427 3234 Et
441 3168 483 3255 Q.
501 3166 611 3238 Fabio
625 3167 785 3239 Labeoni
799 3192 881 3237 cum
900 3166 1077 3243 exercitu,
1092 3186 1200 3256 quem

143 3269 299 3342 habebat
321 3275 358 3343 in
379 3275 590 3372 Liguribus,
612 3292 843 3374 prorogatum
871 3278 907 3344 in
933 3296 1068 3343 annum
1087 3273 1201 3367 impe-

142 3405 235 3451 num
256 3397 319 3453 est.

190 3495 234 3561 ll.
258 3498 329 3564 Ver
348 3497 590 3592 procellosum
609 3522 653 3567 eo
673 3522 771 3567 anno
791 3496 867 3566 luit.
893 3493 1028 3563 Pridie¹
1053 3491 1199 3574 Parilia,

142 3602 262 3673 medio
284 3603 396 3676 ferme
424 3606 482 3676 die
504 3620 606 3676 atrox
627 3632 708 3676 cum
731 3619 839 3675 vento
866 3618 1056 3700 tempestas
1077 3615 1200 3671 coorta

178 3852 201 3884 2.
215 3840 331 3901 Apuanos
342 3840 379 3887 ad
390 3842 541 3889 rebellionem
554 3854 647 3906 specea-
692 3854 743 3889 tum
762 3843 884 3889 sociorum
899 3840 1033 3903 octingenti
1049 3840 1140 3902 equites
1157 3839 1199 3885 ad-

142 3929 182 3971 re;
194 3915 251 3964 vide
262 3917 293 3964 ad
306 3921 330 3976 1,
341 3936 369 3982 9,
378 3936 403 3968 o.
418 3920 648 3985 3.-Quadringen-
692 3920 738 3969 diti
751 3938 801 3968 esse
817 3921 940 3967 dicuntur.
958 3921 1017 3968 Jure
1028 3935 1086 3984 ergo
1096 3919 1199 3983 primm

142 4003 179 4040 tos
195 3996 300 4058 eqru’ees,⁸
317 4014 363 4061 pro
380 3999 570 4065 quadringentos
584 4000 646 4063 lege·
692 3998 797 4047 restituit
804 3999 932 4046 lectionem
943 3998 1065 4047 Drakenb.
1077 4000 1121 4045 Eo.

142 4070 212 4121 batur
222 4075 295 4137 vulgo
306 4090 447 4134 sexcentos,
464 4080 531 4142 quod
544 4079 648 4144 primum
728 4079 787 4128 Cn.
805 4080 837 4126 11.
864 4094 886 4126 1.
906 4078 988 4125 Pridie
1008 4076 1117 4131 raritas,
1144 4093 1198 4139 quse

142 4149 167 4196 in
185 4152 245 4199 edit.
258 4154 335 4201 Puris.
355 4156 412 4202 anni
431 4157 494 4216 1⁵73
510 4173 648 4222 comparere
692 4156 823 4221 agebantur
837 4159 885 4205 xtt
898 4158 948 4205 Cal.
960 4160 1019 4221 Apr.
1036 4156 1136 4219 quodie
1150 4158 1199 4202 Ro·

142 4237 240 4278 tutatur
250 4232 342 4289 nuk..
355 4234 412 4282 dum
426 4235 481 4282 libri
495 4252 578 4283 omnes
588 4253 648 4299 qua·
693 4253 730 4283 ma
746 4236 852 4283 condita.
865 4236 956 4283 Palilia
972 4236 1080 4300 plerique
1097 4236 1158 4281 MSS
1176 4245 1199 4279 et

142 4305 279 4374 drebgentos
303 4311 445 4367 exhibunt:
464 4331 520 4377 quae
549 4313 646 4377 quidem
693 4314 750 4362 edd.
761 4326 819 4362 vett.
831 4315 1011 4363 Festus:!’ales
1020 4312 1199 4360 dicebaturdea

142 4383 214 4434 lectio
223 4388 286 4436 bene
301 4392 388 4438 rationi
402 4393 544 4458 respondet,
558 4409 587 4440 ex
600 4409 646 4456 qua
689 4404 828 4456 pastorum,
851 4393 917 4458 cujro
934 4394 1003 4456 festa
1026 4390 1115 4437 Palilia
1135 4388 1198 4435 dice-

141 4465 214 4525 paulo
230 4479 285 4516 ante
301 4469 440 4531 quindecim
458 4471 563 4519 millibus
579 4471 646 4536 pedi·
692 4472 857 4529 danturne-l,
872 4484 898 4519 ut
911 4471 956 4518 alii
963 4472 1061 4523 nolunt,
1073 4467 1140 4514 dicto
1151 4469 1200 4513 Pa·
