2722 5040
168 756 291 871 ἵξῃ
348 778 434 846 xm.
462 778 534 846 xt.
562 777 659 848 exe.
689 777 848 846 xxxiv.
874 777 1017 847 xxxv.
1104 778 1204 883 ,aas

139 918 224 992 rege
247 896 354 966 etiam
375 899 575 986 Masinissa,
595 898 772 996 praestitit3
788 900 850 993 qui
870 923 952 968 cum
971 900 1134 996 praesidio
1151 927 1204 971 ar-

142 1019 240 1075 mato
258 1029 403 1102 agrum,
424 1009 540 1102 quiin
561 1009 803 1079 controversia
817 1004 927 1092 eratl,
943 1008 1140 1082 obtinebat.

190 1119 336 1188 XXXV.
365 1117 524 1188 Otiosam
551 1120 774 1216 provinciam
800 1118 964 1189 consules
991 1119 1205 1192 habuerunt.

144 1228 192 1294 M.
224 1225 383 1313 baebius,
411 1229 642 1300 comitiorum
678 1252 783 1299 causa
818 1232 968 1298 Romam
1000 1245 1207 1315 revocatus,

147 1336 311 1408 consules
330 1341 484 1409 creavit¹
511 1343 551 1408 Α.
569 1339 792 1410 Postumium
811 1338 980 1410 Albinum
1000 1344 1154 1411 Luscum
1173 1358 1208 1412 et

147 1449 184 1516 C.
197 1447 434 1545 Calpurnium
444 1450 619 1520 Pisonem.
636 1454 809 1519 Praetores
819 1438 948 1520 exinde
959 1449 1098 1521 lactiTi.
1113 1456 1210 1522 Sem·

148 1558 295 1652 pronius
316 1560 518 1647 Gracchus,
538 1565 576 1630 L.
600 1561 802 1631 Postumius
822 1557 995 1647 Albinus,
1017 1566 1053 1631 P.
1073 1566 1210 1632 Corne-

148 1664 214 1735 lius
231 1667 445 1757 Mammula,
464 1671 515 1740 Ti.
536 1671 716 1743 Minucius
733 1668 959 1758 Molliculus,
981 1676 1021 1742 Α.
1043 1671 1212 1742 Hostilius

148 1778 354 1866 Mancinus,
376 1784 414 1850 C.
435 1780 594 1852 Maenius.
622 1781 652 1850 li
674 1803 799 1850 omnes
819 1783 1063 1876 magistratum
1088 1780 1212 1852 Idibus

148 1887 282 1958 Martiis
306 1890 475 1960 inierunt.
500 1891 679 1987 Principio
703 1891 780 1984 ejus
803 1892 904 1974 anni,
930 1914 1004 1985 quo
1025 1895 1063 1960 A.
1088 1895 1212 1962 Postu·

148 1999 240 2068 mius
256 1996 408 2070 Albinus
425 2015 462 2071 et
478 2005 516 2072 C.
535 2001 752 2098 Calpurnius
769 2001 850 2070 Piso
868 1998 1033 2070 consules
1049 1998 1212 2086 suerunt,

149 2105 192 2176 ab
219 2109 259 2177 A.
284 2110 470 2179 Postumio
497 2110 644 2181 consule
669 2112 706 2179 in
730 2125 890 2181 senatum
917 2108 1130 2197 introducti,
1149 2113 1213 2205 qui

150 2242 192 2287 ex
217 2219 386 2316 Hispania
412 2221 578 2293 citeriore
605 2235 777 2292 venerant
803 2244 822 2289 a
847 2223 891 2310 Q.
917 2218 1041 2288 Fulvio
1068 2218 1213 2303 Flacco,

150 2330 187 2398 L.
208 2327 388 2398 Minucius
405 2326 559 2426 legatus,
579 2346 615 2400 et
633 2329 707 2401 duo
725 2328 861 2400 tribuni
878 2328 1053 2411 militum,
1070 2333 1108 2397 T.
1129 2334 1214 2398 Mae-

151 2437 229 2508 nius
245 2452 281 2508 et
292 2441 329 2508 L.
346 2442 534 2511 Terentius
547 2440 749 2511 Massiliota.
767 2442 828 2525 Hi,
840 2464 953 2536 quum
970 2439 1043 2509 duo
1059 2438 1216 2508 secunda

152 2546 286 2644 praelia,
305 2546 525 2620 deditionem
542 2549 758 2634 Celtiberiae,
778 2547 977 2630 confectam
994 2550 1215 2647 provinciam

151 2659 410 2747 nuntiassent²‚
435 2684 501 2730 nec
526 2659 724 2756 stipendio,
746 2658 845 2755 quod
870 2660 961 2730 mitti
980 2658 1129 2740 soleret,
1149 2682 1216 2728 nec

153 2766 332 2841 frumento
351 2786 493 2867 portato
512 2770 556 2840 ad
575 2771 772 2841 exercitum
791 2772 829 2840 in
857 2795 941 2841 eum
966 2795 1100 2841 annum
1123 2793 1216 2866 opus

152 2903 245 2964 esse,
262 2881 444 2978 petierunt
461 2880 506 2950 ab
524 2895 649 2951 senatu
669 2881 842 2977 primum,
860 2897 901 2950 ut
917 2881 963 2950 ob
979 2905 1034 2949 res
1043 2904 1217 2976 prospere

149 3004 267 3082 gestas
285 2988 354 3058 diis
368 2989 631 3060 immortalibus
648 2991 763 3060 honos
781 2990 996 3060 haberetur:
1016 2989 1165 3072 deinde,
1180 3005 1221 3057 ut

157 3100 200 3187 Q.
215 3097 343 3170 Fulvio
357 3099 543 3170 decedenti
556 3100 603 3169 de
607 3107 798 3198 provincia
816 3101 1007 3198 deportare
1021 3099 1105 3166 inde
1118 3123 1217 3167 exer·

153 3214 281 3295 citum,
306 3213 408 3305 cujus
421 3215 519 3301 sorti
539 3237 649 3308 opera
675 3218 807 3309 etipse
832 3228 868 3282 et
893 3210 998 3281 multi
1023 3225 1107 3279 ente
1135 3232 1217 3277 eum

146 3335 322 3413 prcetores
343 3328 401 3391 usi
418 3332 553 3407 essent,
575 3320 702 3392 liceret.
730 3321 841 3411 Quod
845 3323 954 3415 fieri,
968 3335 1218 3417 prceterquam

154 3429 255 3523 quod
266 3435 317 3500 ita
332 3431 493 3515 deberet,
515 3438 623 3501 etiem
631 3456 750 3528 prope
761 3438 1001 3500 necessarium
1019 3425 1141 3498 esset3.
1163 3434 1219 3496 Itu

155 3543 249 3623 raim
263 3539 458 3611 obstinatos
468 3567 543 3611 esse
556 3541 702 3626 milites,
719 3557 842 3610 utnon
855 3540 949 3610 ultra
962 3543 1107 3609 retineri
1111 3562 1220 3633 posse

156 3651 387 3744 improvincia
400 3653 619 3736 viderentur,
631 3652 839 3747 injussuque
853 3649 987 3720 abituri
996 3646 1080 3716 inde
1093 3662 1219 3729 esseut,

155 3880 216 3929 stitit
225 3898 272 3946 pro
281 3899 336 3929 cum
350 3882 380 3929 iis
396 3884 477 3947 recepi
492 3899 524 3930 ex
535 3884 580 3930 MS
598 3883 665 3930 fleri.
747 3898 772 3930 a.
785 3882 925 3946 Confectum
941 3877 1092 3943 provinciam
1111 3877 1221 3924 nuntiat·

156 3970 179 4006 et
191 3976 249 4008 mox
259 3960 384 4009 exeodem
397 3975 421 4011 et
434 3963 490 4010 cod.
503 3963 598 4010 Victor.
612 3977 666 4008 cum
710 3972 781 4015 sent‚·
794 3958 850 4006 vide
864 3959 895 4005 ad
910 3961 949 4017 11,
963 3966 1005 4014 to,
1020 3972 1045 4003 u.
1056 3973 1080 4018 9.

153 4039 270 4099 presidio
284 4057 330 4104 pro
345 4054 395 4088 tum
404 4059 430 4105 p.
748 4039 772 4086 3.
788 4039 862 4100 Quod
871 4038 945 4106 fieri,
966 4047 1161 4101 preterquam...
1181 4051 1221 4081 ne·

192 4119 215 4166 8.
224 4121 318 4183 Agrum
325 4155 332 4175 ‚
340 4119 384 4182 qui
392 4121 417 4167 in
427 4119 590 4172 controversia
599 4132 667 4178 επακ
711 4117 842 4164 cessarium
858 4129 936 4173 esset,¹
956 4116 1002 4163 nisi
1020 4131 1075 4161 cum
1088 4114 1222 4176 Doeringio

158 4198 223 4245 cons.
235 4215 291 4263 cap.
306 4214 345 4257 ¹7·
711 4195 760 4243 boc
775 4196 916 4259 impeditius
926 4195 1042 4259 loquendi
1054 4210 1129 4257 genus
1139 4194 1171 4240 ita
1182 4210 1222 4239 ex-

192 4277 250 4326 Cu.
261 4278 373 4327 XXXV.
388 4294 410 4324 1.
423 4277 545 4326 Boebias...
560 4278 669 4325 consules
712 4274 811 4339 podius,
824 4286 853 4323 ut
867 4276 960 4324 dictum
975 4275 1008 4321 cit
1024 4288 1078 4338 pro:
1096 4288 1185 4334 quum,
1198 4271 1223 4315 id

158 4356 264 4414 emerim
283 4357 340 4404 vide
359 4357 392 4404 ed
405 4359 469 4413 vn,
488 4359 534 4414 16,
548 4374 573 4404 n.
594 4358 619 4404 6.
640 4383 668 4393 -
713 4352 778 4414 fieri,
791 4366 951 4419 praeterquam
968 4353 1037 4416 quod
1056 4351 1088 4399 ita
1107 4350 1223 4403 deberet,

161 4438 190 4483 A.
206 4436 356 4484 Pornemium
371 4435 485 4483 Albinum
503 4439 621 4484 Luscum:
640 4436 670 4484 de
715 4436 787 4482 etism
798 4450 876 4498 prope
887 4431 1047 4480 necessarium
1058 4438 1136 4482 esset,
1147 4442 1224 4472 assen-

159 4530 208 4578 quo
218 4513 349 4578 agnomine
357 4513 408 4562 vid.
419 4514 493 4562 brak.
529 4530 534 4535 ·
717 4513 825 4562 tiendum
837 4528 894 4560 sane
903 4511 1000 4558 videtur
1007 4510 1031 4557 J.
1044 4511 1080 4553 Fr.
1089 4504 1226 4565 Gronovio,
