2722 5040
148 773 195 844 36
583 773 622 839 Τ.
656 773 796 843 LlVlI

149 902 266 972 ductis
282 898 472 972 ordinibus
481 894 510 986 ⁶,
527 909 806 970 concesserunt:
828 893 913 966 inde
928 919 973 966 ex
987 894 1082 966 vallo
1099 919 1216 994 prope

147 1011 301 1083 alterum
319 1009 473 1097 vallum,
494 1006 604 1080 hastis
624 1032 695 1107 prae
718 1030 756 1077 se
778 1003 951 1100 objectiS,
975 1002 1151 1078 fecerunt.
1172 1011 1217 1079 Et.

146 1121 196 1191 ita
212 1118 354 1191 modica
369 1116 522 1190 altitudo
535 1117 620 1189 valli
633 1131 730 1204 erat,
744 1128 785 1187 ut
801 1131 838 1186 et
853 1115 975 1187 locum
991 1118 1215 1214 superiorem

147 1233 190 1304 ad
210 1230 447 1330 pugnandum
469 1230 544 1300 suis
568 1227 765 1328 praeberet,
789 1241 826 1298 et
848 1241 999 1324 propter
1016 1226 1215 1324 longitudi-

146 1367 229 1414 nem
248 1341 431 1411 hastar‘um
448 1338 652 1434 subjectum
673 1336 824 1409 haberet
839 1337 991 1410 hostem.
1013 1338 1141 1427 Multi,
1160 1354 1216 1411 te-

147 1477 244 1523 mere
257 1450 455 1523 subeuntes
466 1451 622 1538 vallum,
641 1446 804 1521 transfixi
821 1463 925 1536 sunt,
941 1463 977 1519 et
992 1463 1054 1520 aut
1068 1451 1216 1547 incepto

147 1563 249 1632 irrito
269 1562 517 1647 recessissent,
536 1575 598 1631 aut
615 1559 738 1658 plures
757 1558 989 1644 cecidissent,
1005 1561 1112 1630 'ni-M.
1127 1565 1216 1631 Por·

147 1674 223 1744 cius
237 1672 283 1744 ab
294 1672 382 1770 jugo
397 1669 627 1759 Callidromi,
643 1669 791 1764 dejectis
802 1668 888 1740 inde
901 1668 1023 1740 AEtolis
1037 1684 1073 1741 et
1087 1695 1216 1767 magna

147 1791 197 1853 ex'
219 1796 321 1880 parte
345 1782 443 1853 caesis
460 1783 473 1878 (
492 1782 657 1852 incautos
681 1782 777 1851 enim
801 1794 838 1850 et
862 1779 1056 1877 plerosque
1078 1782 1215 1879 sopitos

146 1892 420 1991 oppresserat),
444 1891 828 1990 superimminentem
852 1890 976 1961 castris
997 1890 1126 1963 collem
1149 1917 1215 1993 ap·

146 2003 334 2100 paruisset.

194 2117 289 2184 XIX.
313 2112 440 2183 Flacco
467 2136 542 2182 uon
568 2111 696 2184 eadem
722 2109 868 2182 fortuna
896 2111 941 2182 ad
966 2113 1156 2185 Tichiunta
1178 2128 1214 2186 ct

145 2221 392 2294 Rhoduntiam
404 2233 430 2308 ¹,
450 2221 697 2319 nequidquam
718 2221 839 2294 subire
859 2222 904 2293 ad
922 2249 965 2295 ea
985 2225 1129 2297 castella
1151 2250 1214 2296 co-

146 2348 254 2419 nato,
277 2331 404 2404 luerat.
430 2331 648 2404 Macedones
671 2334 808 2429 quique
826 2334 884 2403 alii
905 2336 943 2404 in
964 2337 1088 2408 castris
1108 2338 1214 2434 regiis

145 2459 250 2516 eraut
269 2445 412 2542 primo,
431 2442 519 2514 dum
535 2443 672 2540 procul
693 2442 782 2513 nihil
802 2443 900 2514 aliud
922 2469 1031 2541 quam
1052 2445 1158 2517 turba
1177 2460 1214 2516 et

143 2579 272 2655 agmen
288 2554 504 2654 apparebat,
525 2555 659 2624 AEtolos
672 2554 838 2643 credere,
850 2557 924 2635 visa
936 2556 1062 2654 procul
1074 2579 1212 2653 pugna,

144 2665 307 2738 subsidio
333 2666 466 2737 venire.
492 2668 696 2751 Caeterum,
724 2678 765 2734 ut
788 2667 948 2762 primum
975 2667 1150 2764 signaque
1176 2680 1211 2737 et

144 2801 242 2847 arma
257 2799 301 2847 ex
314 2776 524 2873 propinquo
542 2775 688 2870 cognita
703 2799 864 2847 errorem
878 2791 1119 2875 aperuerunt,
1137 2790 1213 2847 tan·

146 2901 205 2957 tus
233 2900 386 2984 repente
416 2908 528 2979 pavor
553 2907 681 2978 omnes
713 2886 836 2984 cepit,
862 2901 904 2957 ut
927 2885 1076 2981 abjectis
1105 2886 1213 2957 armis

145 2995 323 3094 fugerent.
349 2997 393 3063 Et
418 2995 644 3064 munimenta
668 3012 862 3094 sequentes
886 2996 1150 3093 impedierunt,
1177 3012 1213 3068 et

144 3107 317 3203 angustiae
336 3103 456 3191 vallis,
476 3129 665 3202 perquam
686 3106 863 3202 sequendi
876 3121 994 3192 erant,
1010 3121 1046 3178 et
1058 3110 1213 3178 maxime

145 3217 332 3299 omnium,
357 3212 458 3311 quod
484 3215 668 3312 elephanti
689 3217 872 3288 novissimi
893 3217 1069 3313 agminis²
1090 3232 1212 3304 erant,

144 3351 239 3424 quos
250 3324 362 3423 pedes
375 3349 467 3421 aegre
483 3328 680 3423 praeterire,
691 3351 803 3424 eques
814 3327 915 3398 nullo
927 3341 1069 3425 poterat
1080 3327 1211 3413 modo,

145 3434 357 3508 timentibus
388 3438 513 3532 equis,
546 3437 819 3535 tumultumque
852 3438 947 3506 inter
974 3461 1011 3507 se
1036 3436 1211 3531 majorem

145 3573 255 3647 quarn
273 3548 313 3618 in
333 3547 478 3645 praelio,
500 3547 704 3621 edentibus.
729 3550 963 3644 Aliquantum
984 3550 1158 3644 temporis
1177 3565 1213 3620 ct

144 3659 299 3756 direptio
326 3672 525 3730 castrorum
550 3661 678 3731 tenuit.
706 3656 912 3756 Scarphiam
937 3671 1057 3728 tamen
1086 3682 1131 3728 eo
1153 3657 1212 3731 die

179 3873 205 3921 6.
217 3870 344 3919 Subductis
356 3871 479 3922 ordinibus
488 3891 520 3923 cx
528 3877 598 3935 acie,
611 3891 655 3940 pc·
698 3872 864 3921 Rhoduntiam
871 3892 881 3931 ,·
895 3874 960 3923 conl.
976 3874 1006 3921 16
1019 3886 1084 3923 extr.
1094 3885 1120 3923 ct
1129 3890 1157 3935 ¹7
1171 3891 1209 3939 pr.

146 3952 201 4001 dem
215 3951 303 3998 relenta
315 3951 401 4011 jussis,
417 3962 444 4000 ut
461 3954 580 4014 nvn,
603 3950 655 4013 t8;
733 3968 758 4000 a.
773 3952 904 4000 Novissimi
911 3952 1014 4018 agminis
1024 3965 1105 4001 erunt.
1125 3955 1210 4001 Extre-

145 4026 487 4091 xt‚3o;xL1v,35.—
504 4033 588 4081 Hastis
599 4048 655 4098 prae
698 4048 764 4080 mum
792 4047 880 4095 agmen
911 4032 1071 4091 claudebant;
1099 4043 1210 4081 extremo

144 4108 350 4174 seobjeetis...ni
361 4112 396 4158 Μ.
413 4112 527 4170 Porcius,
552 4124 600 4161 etc.
620 4112 652 4160 ol.
697 4111 800 4177 agminis
815 4111 872 4160 loco
887 4109 1040 4160 incedebant.
1050 4111 1211 4161 Nouissimam

145 4189 655 4256 Appian.Syr.19,ctsup.adXXXlII,
699 4206 786 4257 quien
805 4190 928 4256 estquod
948 4207 994 4239 nos
1016 4208 1133 4240 vocamus
1152 4192 1212 4239 t'ar-

147 4271 180 4326 8,
199 4279 252 4316 not.
274 4269 299 4316 5.
320 4270 456 4337 Preelongis
482 4270 558 4319 hastis
584 4269 656 4317 velut
698 4271 959 4337 dire-garde.Eo.—
976 4272 1139 4336 Aliquantum
1154 4282 1212 4318 tcm-

146 4346 240 4395 vallum
250 4360 308 4397 ante
320 4349 414 4414 clypeos
428 4349 531 4416 objecit.
548 4350 654 4409 ml,
692 4349 764 4413 poris
785 4361 811 4397 ct
832 4348 935 4412 direptio
957 4362 1093 4399 castrorum
1115 4348 1210 4406 tanniu

147 4444 201 4492 cap.
215 4429 257 4491 39,
699 4429 756 4477 vido
769 4428 801 4476 ad
811 4430 851 4485 Il,
864 4429 878 4475 3
889 4463 896 4485 ,
906 4444 933 4476 n.
950 4431 982 4488 6,
996 4442 1020 4478 et
1034 4433 1072 4487 ΙΙ,
1087 4430 1121 4477 63
1131 4446 1172 4486 ,n.
1185 4429 1209 4475 3.

182 4507 240 4555 Car.
263 4508 334 4559 xlx.
364 4526 385 4557 r.
415 4508 457 4557 Ad
477 4506 605 4579 Tichiunta
629 4519 655 4554 et
698 4505 901 4572 —Scarpdiamt
915 4507 965 4558 vid.
978 4509 1212 4569 sistuntur.
