2722 5040
168 800 294 919 llll}
382 825 466 893 ΗΒ.
493 823 654 893 xxxut.
682 825 776 895 clu
804 828 861 894 u.
887 830 959 895 Lu.
1134 831 1204 915 413

141 945 306 1016 custodia
324 946 541 1042 sopirentur.
562 945 632 1016 Sed
646 970 752 1043 grave
769 949 958 1043 imperium
975 972 1099 1044 regum
1115 951 1206 1021 nihil

142 1054 431 1152 inexploratum,
460 1054 559 1152 quod
586 1056 790 1152 investigari
814 1056 965 1142 volunt,
989 1056 1110 1130 csficit.
1135 1067 1205 1132 To·

142 1165 214 1235 tius
229 1165 419 1236 circuitum
436 1163 567 1237 domus
587 1166 636 1236 ita
656 1166 828 1237 custodiis
848 1168 1026 1265 complexi
1042 1185 1146 1258 sunt,
1165 1187 1207 1243 ut

142 1299 253 1346 nemo
272 1276 357 1347 inde
371 1273 464 1346 elabi
479 1291 609 1373 posset.
627 1276 826 1365 Hannibal,
839 1293 1032 1376 postquam
1049 1295 1102 1352 est
1115 1307 1206 1352 nun·

143 1385 288 1473 tiatum,
304 1384 434 1456 milites
448 1387 565 1482 regios
579 1387 616 1456 in
630 1385 809 1458 vestibulo
825 1410 919 1476 esse,
935 1391 1092 1486 postico,
1107 1391 1205 1486 quod

143 1493 290 1566 devium
303 1496 457 1566 maxime
471 1509 580 1592 atque
597 1496 826 1567 occultissimi
841 1499 957 1568 exitus
973 1513 1068 1587 erat,
1084 1498 1208 1596 sugere

143 1620 313 1695 conatus,
328 1620 368 1676 ut
380 1605 418 1676 id
433 1631 582 1702 quoque
594 1630 747 1678 occursu
760 1607 914 1678 militum
926 1607 1118 1706 obseptum
1133 1634 1209 1680 sen·

143 1717 206 1802 sit,
226 1730 262 1788 et
278 1717 399 1788 omnia
413 1718 506 1786 circa
522 1717 640 1787 clausa
658 1716 830 1788 custodiis
846 1716 1025 1816 dispositis
1039 1743 1133 1807 esse,
1150 1743 1209 1789 ve·

144 1851 282 1898 uenum
304 1826 430 1923 (quod
450 1827 565 1898 multo
585 1841 669 1898 ante
691 1823 955 1926 praeparatum⁵
975 1827 1019 1897 ad
1038 1830 1125 1899 tales
1146 1829 1208 1898 ha-

144 1934 255 2007 bebat
270 1939 395 2030 casus)
414 1938 590 2035 poposcit.
610 1967 627 2002 e
640 1937 869 2024 Liberemus,
886 1938 1021 2032 inquit,
1036 1936 1208 2008 diuturna

144 2076 161 2111 u
174 2071 261 2118 cura
279 2047 456 2146 populum
473 2072 685 2135 romanum,
704 2047 852 2144 quando
870 2060 1022 2116 mortem
1042 2049 1136 2117 senis
1151 2072 1208 2118 ex-

143 2187 161 2223 «
175 2172 336 2255 spectare
354 2158 502 2255 longum
521 2172 681 2229 censent.
701 2162 777 2228 Nec
791 2180 973 2253 magnam,
988 2179 1056 2226 nec
1075 2180 1210 2226 memo-

144 2297 161 2332 α
175 2267 326 2339 rabilem
342 2294 385 2340 ex
405 2270 534 2340 inermi
552 2268 772 2367 proditoque
790 2267 1008 2337 Flamininus
1025 2267 1208 2336 victoriam

146 2375 280 2448 «feret.
297 2383 418 2450 Mores
438 2378 585 2474 quidem
605 2377 733 2477 populi
751 2377 891 2448 romani
906 2390 1082 2473 quantum
1101 2391 1212 2447 muta·

145 2515 162 2549 α
175 2485 328 2577 verint⁶,
347 2489 404 2560 vel
425 2488 484 2559 hic
503 2489 578 2560 dies
601 2502 815 2588 argumento
834 2489 902 2559 erit
918 2514 925 2556 :
939 2485 1069 2556 horum
1092 2502 1211 2584 patres

147 2597 315 2694 «Pyrrho
335 2600 431 2695 regi,
458 2597 555 2670 hosti
576 2613 732 2683 armato,
753 2598 948 2669 exercitum
971 2597 1008 2665 in
1029 2597 1129 2666 ltalia
1148 2597 1210 2667 ha·

146 2736 162 2770 u
177 2705 295 2794 benti,
309 2723 351 2778 ut
363 2733 383 2779 a
395 2733 538 2779 veneno
553 2721 712 2794 caveret,
726 2706 985 2805 predixerunt,
1000 2705 1038 2774 hi
1053 2705 1209 2802 legatum

147 2818 424 2908 «consularem,
442 2820 506 2914 qui
524 2832 651 2888 auctor
669 2832 761 2888 esset
780 2818 911 2887 Prusiae
930 2840 995 2913 per
1017 2816 1133 2886 scelus
1151 2841 1210 2885 oe·

147 2959 164 2992 u
179 2927 322 2999 cidendi
347 2929 521 3027 hospitis,
544 2930 763 2999 miserunt.»
784 2931 995 2997 Exsecratus
1020 2925 1150 2995 deiude
1174 2906 1215 2994 in'

147 3053 254 3136 caput
272 3064 497 3136 regnumque
515 3040 646 3109 Prusia*
657 3048 683 3123 ⁷,
702 3051 738 3107 et
754 3034 950 3134 hospitales
968 3034 1054 3104 deos
1072 3033 1211 3103 violatae

148 3148 195 3219 ab
222 3174 266 3220 eo
292 3148 377 3220 fidei
402 3163 510 3220 testes
536 3150 729 3234 invocans,
751 3147 924 3244 poculum
948 3143 1119 3214 exhausit.
1145 3144 1211 3213 Hic

149 3261 227 3328 vitae
245 3259 362 3330 exitus
381 3257 451 3329 suit
469 3257 689 3328 Hannibalis.

195 3373 266 3439 LII.
281 3369 486 3466 Scipionem
505 3383 541 3438 et
557 3366 738 3463 Polybius,
757 3379 792 3435 et
811 3364 967 3435 Rutilius
980 3374 1005 3449 ¹,
1025 3360 1095 3431 hoc
1113 3385 1209 3430 auno

185 3656 208 3703 5.
221 3659 356 3710 Venenum,
371 3652 440 3717 quod
448 3651 658 3713 multoauteproe-
702 3647 783 3694 forsan
800 3642 959 3691 Hannibalem
984 3637 1137 3698 transtulere,
1157 3656 1211 3703 quae

145 3733 325 3797 paratum(rub
335 3730 420 3780 annuli
430 3745 537 3793 gemma3
547 3727 658 3776 videatur
701 3725 732 3772 ad
747 3725 829 3788 plures
842 3723 973 3786 pertinent.
984 3722 1023 3769 Ct'.
1034 3721 1098 3767 Plut.
1111 3718 1128 3765 l.
1140 3719 1158 3768 l.

148 3812 327 3861 Aurel.Victor
341 3812 371 3859 de
383 3810 450 3857 Viris
463 3809 499 3856 ill.
509 3824 562 3872 cap.
577 3818 624 3867 42,
634 3819 657 3856 et
737 3805 763 3852 6.
774 3806 854 3851 Mores
868 3800 964 3864 quidem
973 3800 1061 3864 populi
1067 3814 1127 3846 rom.
1136 3815 1213 3862 quarr-

147 3892 305 3953 Juvenum,
319 3891 366 3938 165
380 3889 428 3953 sq.)
438 3889 475 3936 ud
482 3888 543 3935 tales
552 3887 659 3935 habebat
702 3895 752 3930 tum
766 3880 914 3928 mutaverint
919 3898 929 3936 ,·
948 3878 997 3926 vid.
1009 3881 1048 3935 11,
1062 3880 1089 3935 3,
1109 3893 1167 3926 ma.
1177 3905 1213 3913 -

148 3986 233 4028 castis,
244 3970 369 4034 poposcit,
385 3986 398 4016 a
412 3970 477 4032 quo?
490 3984 504 4015 a
517 3970 604 4017 cervo?
615 3967 656 4031 (de
705 3964 798 4009 Horum
803 3972 889 4024 patres
898 3957 991 4022 Pyrrho
1002 3957 1066 4022 regi,
1083 3968 1109 4003 ut
1118 3973 1134 4002 u
1143 3972 1213 4002 vene·

147 4064 198 4111 quo
211 4048 262 4097 vid.
276 4048 350 4112 Nep.)
368 4049 440 4095 Forte
456 4047 505 4110 leg.
517 4046 654 4111 prompsit,
704 4058 736 4089 no
749 4041 838 4088 medici
851 4035 897 4086 uhi
909 4050 1017 4093 caveret,
1026 4036 1212 4101 praedicerent,-

147 4127 186 4175 vel
200 4144 231 4176 ex
243 4127 307 4176 Plut.
321 4128 423 4175 Flamin.
434 4143 460 4190 p.
471 4128 521 4174 380
535 4123 593 4189 (qui
604 4125 656 4189 ipse
704 4121 800 4170 vidend
810 4122 848 4176 11,
867 4133 909 4174 ro,
924 4135 949 4167 u.
966 4125 990 4172 4.
1005 4119 1042 4165 De
1056 4133 1081 4163 re
1095 4115 1147 4179 ipsa
1159 4114 1209 4162 rid.

148 4207 209 4253 h'vii
221 4207 293 4254 verba
306 4223 384 4270 graece
399 4203 487 4268 venit)
508 4204 657 4251 commiscuit
703 4202 766 4249 Plut.
778 4198 863 4264 Pyrrh.
874 4216 899 4262 p.
911 4199 977 4259 396;
991 4194 1055 4243 Gell.
1063 4197 1112 4253 111,
1124 4196 1152 4254 8,
1163 4194 1193 4241 al.

125 4314 127 4318 ν
147 4302 190 4332 seu
195 4302 301 4350 propere
310 4285 413 4333 miscuit.
423 4289 507 4349 Ipsum
519 4299 613 4349 semper
622 4299 658 4331 ee·
741 4299 763 4343 7.
776 4281 923 4326 Extecratus
939 4277 965 4323 in
977 4287 1052 4339 eaput
1065 4288 1212 4338 regnumque

148 4382 203 4414 cum
214 4365 327 4414 habuisse
338 4382 470 4423 venenum,
484 4366 568 4427 Nepos
582 4363 661 4410 etalii
704 4360 797 4408 Prusioe
803 4377 814 4415 ,·
824 4358 880 4405 vide
892 4357 923 4404 ad
936 4358 963 4414 1,
978 4355 1056 4411 51,n.
1068 4370 1089 4402 r.

148 4445 373 4493 refer-unctulum
385 4456 465 4492 tamen
483 4444 569 4492 mortis
586 4458 662 4506 genus
740 4440 803 4488 Car.
815 4440 866 4485 un.
879 4432 1058 4487 recuruum,
1070 4432 1097 4478 P.
1105 4429 1211 4476 Rutilius

149 4540 312 4573 memoravero
333 4535 458 4581 auctores,
472 4525 516 4588 qui
533 4522 563 4571 ad
587 4537 663 4570 uuum
706 4520 798 4576 Rufus,
813 4527 897 4565 orator
907 4525 930 4562 et
942 4509 1144 4576 philosophus,a
1161 4521 1211 4570 quo
