2722 5040
73 36 1321 299 u

1208 336 1219 351 0

152 739 200 822 tt
574 739 613 806 Τ·
647 740 788 808 lell
1074 726 1135 826 ll?
1151 736 1198 826 331:

201 862 325 930 XXVI.
344 857 491 944 Paucis,
510 856 723 954 priusquam
741 860 912 932 Heraclea
931 876 1134 959 caperetur,
1150 864 1224 935 die·

154 969 225 1041 bus
240 968 366 1056 AEtoli,
385 965 540 1038 concilio
557 973 736 1065 Hypatam
756 981 918 1056 coacto¹,
938 970 1073 1070 legatos
1088 972 1133 1044 ad
1148 979 1223 1046 Au·

154 1079 317 1151 tiochum
345 1080 540 1164 miseruut;
566 1079 662 1150 inter
686 1104 779 1177 quos
809 1095 846 1152 et
872 1081 990 1152 Tboas
1014 1082 1132 1171 idem,
1158 1086 1223 1182 qui

152 1205 275 1278 autea,
290 1191 418 1260 missus
429 1202 493 1260 est.
511 1186 682 1260 Mandata
694 1204 816 1278 erant,
841 1205 881 1262 ut
894 1191 939 1262 ab
953 1216 1037 1289 rege
1053 1207 1223 1291 peterent

152 1303 333 1400 primum,
355 1313 395 1369 ut
414 1300 513 1397 ipse,
535 1300 668 1371 coactis
684 1324 810 1371 rursus
830 1300 1062 1374 terrestribus
1085 1303 1222 1374 navali·

151 1411 295 1508 busque
311 1411 445 1507 copiis,
463 1410 502 1479 in
517 1411 691 1480 Graeciam
713 1411 913 1506 trajiceret3
936 1411 1087 1500 deiude,
1102 1413 1131 1483 si
1148 1437 1221 1509 qua

150 1524 270 1623 ipsum
283 1535 424 1592 teneret
437 1545 511 1607 res,
528 1534 569 1591 ut
582 1522 774 1618 pecuniam
791 1536 827 1593 et
842 1522 972 1593 auxilia
986 1524 1156 1594 mitteret.
1175 1523 1225 1594 Id

151 1658 260 1730 quum
289 1631 343 1702 ad
365 1631 576 1727 dignitatem
605 1633 681 1726 ejus
697 1631 892 1728 fidemque
909 1637 1089 1728 pertinere
1098 1641 1125 1718 ²,
1147 1656 1221 1702 non

140 1744 258 1842 prodi
269 1750 403 1830 socios,
424 1759 499 1812 tum
512 1747 622 1812 etiam
636 1741 690 1811 ad
705 1739 988 1813 incolumitatem
1007 1748 1126 1839 regni,
1146 1768 1221 1813 non

148 1860 265 1926 sinere
276 1907 286 1941 ,
314 1857 518 1938 Rornanos,
541 1858 749 1923 omninum
771 1877 927 1940 vacuos,
947 1879 1061 1950 quum
1079 1853 1220 1924 AEtolo-

149 1991 230 2036 rum
249 1979 392 2062 gentem
420 1962 665 2049 sustulissent,
695 1962 862 2033 omnibus
888 1969 999 2062 copiis
1027 1969 1065 2033 iu
1089 1966 1221 2034 Asiam

148 2079 318 2172 trajicere.
334 2077 428 2145 Vera
437 2087 557 2158 erant,
573 2098 654 2170 quae
664 2071 901 2144 dicebantur:
918 2097 962 2144 eo
974 2074 1085 2168 magis
1096 2098 1219 2171 regem

146 2198 353 2258 moverunt.
366 2189 493 2281 Itaque
508 2186 545 2253 iu
560 2185 747 2280 praeseutia
760 2185 972 2280 pecuniam,
985 2208 1067 2281 quae
1077 2184 1121 2253 ad
1133 2208 1221 2254 usus

148 2297 235 2370 belli
254 2297 452 2368 necessaria
475 2310 572 2381 erat,
595 2295 718 2391 legalis
743 2294 867 2366 dedit:
891 2295 1022 2365 auxilia
1038 2296 1219 2366 terrestria

148 2408 358 2504 navaliaque
383 2403 572 2476 affirmavit
592 2406 796 2475 missurum.
822 2404 1023 2475 Thoantem
1041 2428 1155 2474 unum
1174 2428 1220 2474 ex

147 2520 272 2617 legatis
284 2518 451 2600 retinuit,
469 2532 505 2587 et
523 2519 640 2614 ipsum
657 2516 755 2587 haud
772 2517 926 2586 invitum
939 2528 1163 2602 morantem,
1178 2528 1219 2585 ut

146 2645 293 2703 exactor
311 2653 467 2727 praeseus
488 2628 751 2725 promissorum
768 2627 920 2699 adesset.

194 2743 339 2812 XXVII.
376 2742 555 2810 Caeterum
588 2738 759 2810 Heraclea
792 2752 896 2836 capta
934 2736 1041 2834 sregit
1070 2736 1216 2808 tandem

146 2850 286 2922 animos
303 2848 525 2936 AEtolorum3
544 2864 581 2919 et
595 2864 677 2946 post
691 2873 826 2947 paucos
839 2847 936 2933 dies,
955 2872 1064 2944 quam
1080 2846 1126 2918 ad
1139 2846 1216 2918 bel·

144 2958 220 3030 lum
238 2957 491 3029 renovandum
510 2958 798 3056 acciendumque
816 2982 939 3056 regem
956 2959 993 3028 in
1011 2959 1128 3029 Asiam
1146 2959 1217 3028 mi·

143 3083 264 3141 serant
284 3069 438 3167 legatos,
459 3067 608 3164 abjectis
630 3068 716 3140 belli
737 3069 916 3156 consiliis,
936 3071 1032 3167 pacis
1050 3069 1216 3165 petendae

144 3194 307 3252 oratores
325 3178 371 3250 ad
390 3180 576 3251 consulem
596 3183 781 3252 miseruut.
804 3184 906 3270 Quos
926 3180 1047 3252 dicere
1066 3205 1215 3252 exorsos

144 3290 271 3363 consul
288 3288 499 3373 interfatus,
522 3314 638 3386 quum
663 3290 730 3362 alia
755 3289 824 3361 sibi
846 3288 1215 3388 praevertenda‘esse

144 3397 310 3483 dixisset,
329 3399 448 3471 redire
464 3405 642 3497 Hypatam
659 3424 738 3488 eos,
756 3399 847 3472 datis
865 3400 1007 3472 dierum
1025 3398 1151 3471 decem
1167 3400 1215 3469 in·

143 3508 276 3597 duciis,
296 3525 332 3580 et
352 3515 393 3581 L.
410 3509 554 3582 Valerio
571 3509 696 3581 Flacco
711 3535 793 3582 cum
813 3511 855 3580 iis
872 3513 1002 3597 misso,
1017 3510 1143 3606 jussit3
1162 3511 1214 3598 ei,

143 3644 225 3716 quaa
247 3644 370 3691 secum
393 3621 508 3691 acturi
526 3619 698 3706 sument,
720 3645 925 3719 exponere,
944 3624 1027 3694 etsi
1047 3646 1120 3719 qua
1138 3622 1214 3694 vel·

142 3730 221 3803 lent
243 3729 321 3801 alia.
349 3737 527 3829 Hypatam
547 3747 588 3803 ut
609 3747 664 3805 est
683 3747 853 3819 ventum,
880 3735 1062 3831 principes
1080 3733 1213 3805 AEtolo·

143 3866 225 3912 rum
244 3840 342 3940 apud
359 3841 524 3913 Flaccum
543 3843 738 3915 concilium
755 3842 984 3929 habuerunt,
1008 3842 1213 3914 consultan-

178 4020 239 4069 Ctr.
249 4021 345 4070 XXVI.
361 4036 382 4070 r.
404 4020 513 4070 Concilio
529 4023 655 4086 Hypatam
699 4024 809 4084 injiceret
818 4039 914 4079 curam,
932 4032 957 4069 et
971 4038 1050 4069 rerum
1062 4038 1161 4071 suarum
1173 4022 1213 4070 Iu-

141 4111 245 4156 coacto,·
256 4098 307 4148 vid.
317 4101 421 4149 mn
431 4133 438 4160 ‚
449 4116 477 4160 a,
496 4117 521 4150 n.
534 4108 558 4156 4.
699 4102 836 4151 columitati
850 4101 1071 4165 circumspIcieudo
1086 4101 1212 4152 consulere

177 4196 202 4227 a.
220 4178 255 4227 Id
271 4197 347 4244 quum
369 4180 406 4228 ad
424 4180 569 4247 dignitatem
589 4181 655 4244 ejus,
699 4193 806 4245 cogeret.
819 4182 864 4229 Eu.

142 4258 313 4316 otc.rid.V1,
333 4260 365 4319 8,
379 4275 406 4306 u.
417 4274 441 4306 a.
459 4284 495 4295 -
513 4258 587 4306 Omni
594 4275 655 4306 cura
735 4263 795 4311 Cir.
807 4261 917 4308 xxvn.
931 4275 954 4309 1.
972 4260 1033 4308 Atia
1048 4260 1097 4308 siti
1105 4277 1212 4326 premn-

140 4354 248 4393 vacuos,
267 4337 360 4395 idest,
379 4353 455 4401 quum
470 4337 521 4397 jam
538 4337 600 4386 nibil
623 4337 655 4386 ab
699 4339 791 4397 tenda‚·
806 4337 908 4387 vidend
928 4341 969 4397 11,
989 4347 1039 4397 at,
1059 4355 1083 4386 u.
1103 4339 1127 4386 3.
1147 4340 1211 4387 Mox

141 4416 195 4465 aliis
218 4416 332 4481 gentibus
355 4415 490 4463 tituendum
516 4416 652 4477 baberent3
698 4430 755 4483 post
769 4418 846 4483 jussit
862 4418 982 4466 excidiw
1002 4420 1098 4468 vidntur
1116 4429 1146 4464 ee.
1170 4417 1211 4465 Ad

140 4512 215 4559 quum
224 4494 651 4560 nibiIaIIundeiustaret‚quodillis
697 4504 776 4547 totum
799 4513 859 4546 vero
884 4497 932 4546 boc
954 4515 1009 4563 cap.
1034 4499 1099 4548 conl.
1121 4497 1211 4561 Polyb.
