2722 5040
139 122 203 204 toa

137 258 409 340 oppugnauerat
432 239 586 308 adortus.
611 247 687 338 lpse
706 270 724 311 a
744 246 931 338 ‹anrprstri
947 242 1071 313 aditu6
1086 263 1196 314 castra

136 358 264 454 posuit.
284 360 449 424 Perseum
468 352 580 423 lilium
600 378 683 425 cum
707 354 848 424 modica
871 379 980 424 manu
999 357 1197 426 circummi-

134 467 201 553 sit,
215 481 257 537 ut
270 490 290 536 a
302 463 547 562 superioribus
560 464 646 535 locis
661 463 789 535 urbem
804 464 1067 562 aggrederetur.
1082 467 1199 565 Oppi·

136 573 238 659 dani,
253 598 368 671 quum
391 588 508 645 terror
525 573 687 671 undique
706 574 871 662 instaret,
886 573 1075 649 obsidibus
1088 574 1197 661 datis,

134 684 172 754 in
190 684 378 782 prasentia
396 679 612 754 dediderunt
631 708 719 754 sese.
739 684 867 770 lidem,
888 699 1083 782 postquam
1101 708 1197 757 exer·

137 795 228 865 citus
250 794 413 881 recessit,
439 790 541 863 obliti
566 790 756 882 obsidum,
777 792 901 864 relicta
927 791 1041 878 urbe,
1061 792 1100 863 in
1123 792 1199 865 loca

136 904 274 974 munita
289 917 325 973 et
338 918 480 975 montes
494 900 713 1000 refugerunt.
731 903 936 1001 Philippus,
955 901 1056 974 omni
1069 927 1198 1002 genere

136 1013 269 1086 laboris
290 1015 366 1084 sine
387 1012 462 1084 ullo
482 1011 612 1084 effectu
637 1012 788 1110 fatigatis
810 1012 1000 1101 militibus,
1019 1028 1056 1085 et
1076 1013 1199 1086 fraude

136 1126 300 1221 praetoris
317 1122 418 1193 Didae
441 1124 551 1194 auctis
568 1125 605 1193 in
624 1122 737 1194 filium
757 1123 1042 1222 suspicionibus,
1064 1125 1102 1194 in
1125 1128 1198 1195 Ma·

135 1232 321 1305 cedoniam
340 1232 453 1304 rediit.

185 1345 313 1412 XXIII.
345 1344 474 1412 Missus
499 1341 557 1412 hic
579 1366 699 1413 comes
721 1342 790 1437 (ut
815 1343 1052 1415 antedictum
1074 1355 1150 1416 est¹
1167 1346 1198 1440 )‚

137 1476 252 1550 quum
274 1451 534 1550 simplicitatem
557 1452 700 1546 juvenis
721 1453 856 1523 incauti
874 1468 911 1524 et
928 1455 1001 1523 suis
1020 1452 1115 1524 baud
1137 1455 1201 1524 im·

136 1563 265 1633 merito
280 1562 538 1645 succensentis,
548 1559 760 1631 assentando
772 1559 1065 1660 indignandoque
1078 1577 1115 1634 et
1126 1564 1202 1662 ipse

137 1672 252 1743 vicem
272 1672 372 1767 ejus,
393 1680 592 1767 captaret²‚
615 1672 651 1739 in
671 1673 793 1741 omnia
814 1671 909 1743 ultro
928 1696 1029 1744 suam
1046 1670 1202 1745 offerens

138 1805 307 1878 operam,
327 1779 399 1852 fide
419 1780 519 1867 data,
537 1805 665 1851 arcana
683 1781 760 1876 ejus
778 1782 908 1853 elicuit
929 1788 1061 1879 Fugam
1075 1781 1122 1854 ad
1134 1788 1203 1855 Ro·

138 1914 265 1961 manos
290 1891 494 1961 Demetrius
522 1888 770 1960 meditabatur.
797 1891 864 1961 Cui
888 1891 1038 1962 consilio
1061 1890 1204 1988 adjutor

139 1998 248 2071 deum
274 1998 451 2069 beneficio
480 1998 622 2070 oblatus
647 1999 837 2072 videbatur
854 1997 1028 2073 Paeoniae³
1051 2019 1201 2100 praetor,

139 2132 204 2207 per
225 2109 329 2202 cujus
349 2110 569 2207 provinciam
589 2135 689 2207 spem
708 2127 852 2209 ceperat
872 2111 967 2183 elabi
986 2127 1065 2184 tuto
1086 2136 1201 2211 posse.

139 2224 217 2290 Hoc
243 2219 433 2290 consilium
462 2220 643 2318 extemplo
672 2237 707 2293 et
732 2220 832 2294 fratri
852 2222 1043 2321 proditur,
1064 2240 1124 2312 et,
1145 2249 1203 2297 au·

140 2345 318 2413 ctorem,
338 2329 516 2400 indicatur
531 2332 634 2427 patri.
651 2332 777 2403 Literae
797 2334 953 2430 primum
969 2332 1013 2404 ad
1032 2331 1204 2406 obsiden-

140 2455 213 2513 tem
229 2444 368 2511 Petram
385 2440 496 2510 allata
510 2456 603 2511 sunt.
622 2440 710 2511 lude
724 2441 932 2513 Herodorus
943 2427 1134 2543 (princeps
1146 2442 1205 2516 hic

142 2552 340 2620 amicorum
357 2551 530 2621 Demetrii
545 2551 641 2645 erat)
658 2553 693 2621 in
709 2553 907 2624 custodiam
928 2568 982 2624 est
1000 2554 1204 2649 conjectus,

141 2674 177 2730 et
185 2662 388 2731 Demetrius
403 2659 667 2732 dissimulanter
682 2663 852 2732 asservari
861 2662 992 2756 jussus.
1004 2668 1087 2733 Haec
1099 2687 1209 2763 super

144 2784 271 2841 coetera
296 2772 432 2842 tristem
459 2770 652 2841 adventum
678 2772 715 2840 in
743 2771 986 2842 Macedoniam
1015 2774 1090 2870 regi
1114 2771 1205 2845 fece·

144 2894 239 2951 runt.
264 2879 459 2951 Movebant
488 2905 571 2951 eum
600 2895 637 2951 et
661 2882 847 2977 praesentia
873 2881 1053 2951 crimina:
1084 2905 1207 2981 exspe-

145 2990 293 3062 ctandos
314 3006 454 3078 tamen,
479 3014 571 3087 quos
599 2989 644 3061 ad
670 2990 889 3087 exploranda
914 2991 1035 3062 omnia
1055 2995 1206 3063 Romam

145 3104 327 3186 miserati,
358 3099 535 3172 censebat.
564 3101 627 3169 His
655 3101 781 3170 anxius
808 3101 902 3170 curis
931 3124 1046 3197 quum
1072 3099 1209 3197 aliquot

146 3234 285 3282 menses
303 3202 458 3308 egisset,
480 3209 624 3279 tandem
646 3209 767 3305 legati,
787 3209 861 3303 jam
888 3224 970 3280 ante
991 3208 1209 3307 praemedita·

181 3455 207 3504 6.
217 3458 240 3503 A
251 3467 380 3517 campestra
393 3455 479 3512 adius,
492 3466 539 3503 etc.
555 3453 657 3502 vidend
702 3469 755 3517 cap.
772 3468 819 3512 ar,
837 3470 862 3501 n.
882 3454 907 3502 5.
921 3480 954 3490 -
969 3448 1157 3501 Ducimulant'er
1168 3469 1208 3501 as·

147 3533 325 3593 v111,17‚n.
345 3533 613 3590 5;xxxvr.10,n.
632 3535 656 3580 3.
700 3532 803 3590 servari,
822 3532 883 3580 h.e.
897 3533 930 3579 ita
943 3532 1209 3594 amirmahum-

181 3613 246 3663 Cu.
258 3613 356 3659 mll.
368 3627 390 3659 1.
402 3611 656 3660 Urantedaestcm.
701 3613 776 3670 trius,
795 3627 821 3659 ae
837 3612 954 3659 mari
967 3626 999 3658 uc
1010 3608 1210 3660 animaverunt

181 3708 207 3741 a.
221 3689 403 3755 Simplicitatem
419 3689 553 3755 juvenis...
571 3702 656 3754 capta·
701 3690 864 3753 quidem-En.

147 3784 200 3829 rae,-
210 3769 410 3826 videadxxll,
423 3770 456 3817 aa
467 3803 474 3828 ,
487 3785 513 3816 u.
528 3784 550 3815 1.
737 3778 761 3826 4.
776 3771 842 3832 Quos
855 3769 892 3816 ad
904 3767 1061 3834 exploranda
1076 3784 1104 3817 ο.
1117 3768 1146 3817 B.
1162 3782 1209 3821 aar

182 3852 207 3899 3.
215 3847 323 3897 Paeonioe
331 3860 437 3911 premor,
451 3847 543 3905 Didas3
559 3846 655 3894 vidend
701 3848 766 3896 conl.
776 3862 831 3911 cap.
844 3863 887 3894 ao.
