2722 5040
80 39 1352 335 u

215 795 264 841 20
650 770 690 838 r.
723 770 865 840 mvn
1130 746 1257 851 titi:

216 908 272 967 est
289 915 417 992 agrum
437 889 700 990 Tripolitanum
710 900 738 963 ².
757 893 819 962 His
833 891 965 989 raptim
982 891 1154 989 peractis,
1170 893 1284 965 Laris.

214 1029 292 1076 sam
314 1003 361 1075 ad
384 1024 509 1101 regem
523 998 702 1073 redeunt:
722 1001 960 1090 consultanti,
979 1000 1156 1098 quidnam
1176 1028 1284 1101 agen·

213 1114 303 1187 dum
314 1127 408 1186 esset
420 1111 467 1183 de
480 1111 638 1199 Larissa,
658 1124 959 1209 supervenerunt.
976 1108 1034 1181 Ibi
1046 1111 1084 1181 in
1099 1109 1283 1187 diversum

212 1226 398 1299 sententia
417 1219 637 1311 tendebant3
656 1223 752 1310 aliis,
770 1224 844 1293 vim
866 1220 1131 1303 adhibendam,
1150 1236 1188 1294 et
1205 1247 1284 1295 non

212 1333 457 1409 differendum
475 1329 731 1420 censentibus,
749 1334 841 1430 quin
858 1330 1031 1431 operibus
1049 1354 1090 1402 ac
1106 1332 1283 1404 machinis

211 1445 320 1520 simul
344 1442 510 1539 undique
536 1443 673 1513 moenia
698 1441 983 1541 aggrederentur
1009 1439 1112 1513 urbis
1138 1444 1213 1515 sitae
1243 1445 1282 1515 iu

209 1558 321 1657 plano
330 1552 358 1645 ³,
374 1569 528 1654 aperta,
546 1556 740 1653 campestri
764 1554 926 1650 undiquc
949 1552 1068 1642 aditu;
1088 1553 1166 1626 aliis
1182 1579 1282 1625 nunc

207 1671 303 1740 vires
321 1665 445 1755 urbis,
469 1688 702 1762 nequaquam
726 1665 850 1737 Pheris
874 1663 1124 1752 conferendae,
1145 1688 1282 1737 memo·

206 1776 394 1864 rantibus,
413 1798 513 1846 nunc
531 1773 688 1847 hiemem
710 1789 747 1847 et
768 1790 914 1873 tempus
934 1777 1021 1847 anni
1037 1774 1130 1846 nulli
1142 1772 1283 1847 hellicae

205 1890 280 1976 rei,
306 1888 458 1959 minime
485 1883 669 1957 obsidioni
693 1899 805 1984 atque
826 1885 1093 1984 oppugnationi
1111 1885 1281 1974 urbium,

206 2012 345 2096 aptum.
369 2000 515 2066 Incerto
539 1996 616 2092 regi
640 1996 736 2069 inter
759 2020 863 2095 spem
888 2010 1101 2093 metumque
1123 1994 1233 2093 legati
1259 2020 1281 2067 a

203 2107 410 2192 Pharsalo⁴,
427 2105 493 2202 qui
508 2105 552 2177 ad
569 2104 772 2178 dedendam
789 2105 920 2180 urbem
938 2131 1039 2180 suam
1058 2104 1153 2178 forte
1168 2131 1280 2179 vene-

203 2232 305 2306 rant,
323 2218 467 2289 animos
483 2231 671 2289 auxerunt.
692 2221 742 2289 Μ.
759 2216 898 2291 Baebius
913 2220 1080 2308 interim,
1099 2242 1184 2291 cum
1200 2218 1281 2289 Phi·

204 2326 305 2425 lippo
318 2329 357 2397 in
372 2327 585 2398 Dassaretiis
600 2350 830 2425 congressus,
845 2334 911 2427 Ap.
927 2328 1119 2401 Claudium
1132 2353 1281 2401 excom-

204 2437 308 2507 mnni
332 2435 483 2507 consilio
508 2434 554 2506 ad
580 2436 787 2534 praesidium
813 2439 959 2510 Larissae
983 2439 1101 2526 misit,
1129 2438 1194 2535 qui
1213 2461 1281 2535 per

204 2544 454 2618 Macedoniam
481 2548 622 2643 magnis
651 2546 843 2621 itineribus
865 2551 905 2619 in
924 2549 1053 2647 jugum
1074 2548 1278 2640 montium,

178 2654 308 2753 ,quod
333 2679 444 2753 super
468 2660 622 2728 Gonnos
643 2672 718 2746 est,
741 2660 917 2755 pervenit.
940 2657 1127 2756 Oppidum
1151 2658 1278 2728 Gonni

206 2767 332 2863 viginti
344 2766 459 2837 millia
473 2765 519 2838 ab
535 2768 677 2839 Larissa
691 2767 810 2858 abest,
822 2771 861 2842 in
874 2770 963 2868 ipsis
975 2766 1140 2840 saucibus
1153 2766 1277 2856 saltus,

207 2938 332 2998 mmlx,
349 2940 625 3004 prg.9on,rd.Amst.
640 2941 721 3004 16713
764 2956 849 3009 aperto
868 2956 908 3002 ct,
926 2954 956 2991 ut
971 2954 1070 3008 apertus
1093 2941 1176 2990 aditus
1195 2940 1276 2990 dictus

209 3020 295 3083 Impp.
321 3017 401 3067 strab.
420 3019 471 3079 Π,
488 3022 555 3082 4323
570 3021 671 3070 Sulmo
687 3020 720 3071 id
765 3034 816 3085 ur,
827 3034 857 3074 ut
875 3033 974 3087 apertio
987 3036 1103 3085 campus,
1123 3031 1234 3085 apertum
1250 3031 1275 3069 et

207 3098 353 3164 Solimpsg.
369 3098 429 3160 602.
763 3115 851 3168 aperta
861 3103 934 3161 loco,
950 3101 977 3151 h.
993 3117 1016 3151 a.
1029 3100 1152 3167 patentia,
1166 3099 1210 3147 uhi
1223 3114 1275 3148 nou

241 3194 266 3227 a.
285 3180 379 3243 Agmm
397 3178 573 3245 Impodtanurr
581 3199 592 3239 ,·
608 3180 666 3230 vids
686 3180 719 3231 ad
763 3194 800 3232 ost
821 3183 891 3233 Iocus
910 3180 1018 3240 insidiis,
1036 3196 1114 3245 porres
1137 3190 1161 3227 et
1183 3189 1274 3242 pateus

206 3259 290 3318 xtu,
301 3257 343 3307 53.
762 3277 877 3327 campus,
894 3260 936 3309 ubi
949 3260 1029 3308 nuum
1040 3257 1185 3306 insidiarum·
1198 3268 1275 3304 meurs

243 3338 267 3387 3.
278 3335 337 3385 ursi
345 3335 400 3386 sita
409 3335 435 3385 in
439 3336 519 3399 plano
528 3334 598 3402 (vids
604 3337 637 3386 nd
644 3339 719 3399 xxi,
761 3342 859 3401 xxtv,
872 3348 921 3398 ι4ε
933 3355 990 3389 nuru
1000 3338 1094 3387 larius
1102 3347 1154 3387 tota
1162 3337 1189 3383 iu
1198 3336 1274 3400 plano

207 3417 255 3477 32,
268 3432 294 3466 n.
317 3413 560 3481 7),apertae(qutm
575 3416 647 3465 facile
664 3417 719 3482 qni·
761 3421 807 3470 sita
822 3420 898 3488 (vide
910 3419 989 3467 strab.
1002 3420 1053 3477 tx,
1068 3425 1118 3474 44ο
1130 3414 1154 3480 ),
1178 3426 1273 3463 atmoe·
1322 3432 1326 3437 ·

206 3496 244 3545 vis
253 3496 344 3546 intrare
356 3506 454 3560 possets
464 3496 584 3562 Crem),
591 3497 720 3562 campestri
761 3498 831 3549 mbas
841 3499 935 3557 omem,
949 3496 1059 3562 operibus
1069 3506 1094 3543 et
1103 3492 1222 3542 machinis
1230 3510 1274 3559 op·

207 3573 328 3638 trudique,
338 3590 381 3639 per
392 3573 446 3623 loos
452 3575 720 3642 plrmcteampcrtrir,
756 3589 892 3644 pugnum
904 3575 971 3625 uude
985 3590 1038 3624 nou
1049 3575 1112 3623 benc
1128 3573 1177 3621 dici
1192 3583 1274 3637 potest

206 3650 328 3710 audiemus
344 3655 406 3712 XL,
422 3669 473 3714 aa,
485 3671 511 3703 n.
527 3654 555 3714 s;
568 3655 718 3704 otricoam·
762 3667 862 3721 operm,
877 3671 929 3704 non
942 3655 1044 3704 munio.
1057 3651 1274 3702 Haecetalirmo·

202 3730 292 3797 permis
307 3733 377 3791 urbs,
397 3746 465 3798 agor,
479 3732 549 3781 vicus
565 3750 608 3783 scu
620 3749 718 3799 campo·
761 3734 916 3785 nuitDuker.
925 3734 1095 3799 -vugmm
1105 3742 1187 3781 tuctur
1197 3733 1272 3780 Dour.

205 3821 255 3861 stro
268 3810 397 3875 oppidum,
417 3811 444 3858 in
457 3826 544 3879 eampo
559 3824 585 3862 et
598 3813 674 3877 plano
685 3815 718 3861 si·
761 3815 806 3880 qui
820 3814 978 3864 distinctione
991 3824 1049 3879 post
1059 3823 1152 3877 opertet
1163 3810 1274 3871 sublata,

206 3902 273 3949 tum,
294 3892 396 3950 xxm,
416 3891 466 3952 45,
483 3909 508 3942 n.
529 3910 558 3956 ‘73
576 3893 717 3952 mvn,
760 3894 843 3944 locum
857 3896 893 3943 sio
907 3893 1028 3959 explicat:
1044 3902 1139 3957 ομνια·
1150 3888 1272 3952 undique,

209 3972 257 4032 393
277 3970 429 4029 xxxvm,
444 3972 488 4030 183
508 3973 568 4031 n,
591 3972 623 4021 53
635 3982 660 4022 st
674 3971 715 4020 58.
760 3974 868 4040 putentis
877 3974 986 4023 exomni
997 3981 1068 4036 parts
1078 3969 1164 4025 aditu,
1179 3967 1274 4030 aditui3

206 4050 280 4099 Cous.
294 4049 326 4098 nd
342 4052 383 4109 x,
395 4064 427 4108 a,
446 4052 470 4099 3.
487 4051 528 4100 Sic
543 4061 569 4099 ot
582 4063 717 4117 campestre
759 4054 868 4113 hoomt,
878 4069 933 4119 quse
943 4055 976 4100 its
986 4050 1087 4116 patebat
1097 4059 1128 4097 ut
1138 4045 1274 4111 undiqncc

206 4128 253 4178 iter
264 4127 331 4193 apud
344 4128 408 4178 (ζα.
420 4130 448 4178 B.
456 4129 510 4178 civ.
522 4130 546 4187 1,
555 4129 636 4185 tom
647 4132 717 4183 Curt.
762 4148 851 4199 campo
869 4132 931 4181 odiri
944 4141 1034 4196 posset.
1053 4132 1140 4193 Itaque
1153 4128 1183 4179 τὸ
1202 4126 1273 4175 aditu

206 4210 239 4266 V,
250 4210 280 4266 3,
291 4224 316 4255 n.
332 4210 373 4257 16.
385 4208 454 4257 Hanc
464 4208 519 4256 leet.
526 4224 541 4256 e
548 4209 613 4256 MSS
620 4220 645 4258 et
654 4221 717 4260 nott
762 4216 862 4277 antiqno
872 4213 899 4259 in
909 4209 981 4258 tertio
991 4224 1048 4257 catu
1059 4224 1107 4274 pro
1117 4205 1199 4257 aditui
1207 4205 1273 4254 roei-

205 4286 262 4335 edd.
281 4286 408 4336 restituam
425 4288 523 4336 Crever.
542 4297 567 4334 et
582 4287 658 4338 bnt.
671 4304 719 4353 pro
762 4291 893 4358 ῥιφαὶ
904 4289 1116 4349 muunemadhuc
1127 4288 1218 4345 vidisse
1226 4288 1272 4335 mi·

204 4366 273 4431 vulg.
283 4382 301 4415 a
311 4377 386 4431 poree
398 4363 528 4429 campestri
535 4364 718 4431 undiqusfoci·
763 4383 838 4421 tumr.
850 4373 898 4421 Rp.

203 4445 233 4494 lis
246 4444 336 4511 (quod
348 4445 375 4491 in
387 4443 457 4493 nullo
468 4444 515 4493 MS
527 4444 625 4509 exstat)
636 4445 716 4497 adim.
797 4459 822 4505 4.
834 4448 921 4515 Legati
931 4464 948 4496 a
959 4445 1079 4497 Pharsalo
1086 4463 1097 4504 ,·
1110 4443 1168 4493 vide
1182 4444 1214 4493 sd
1229 4446 1270 4499 tt,

204 4523 253 4573 Sed
266 4540 322 4573 oum
332 4522 398 4571 Dok.
411 4538 457 4588 pro
471 4535 562 4588 aperta
573 4525 656 4575 forsan
668 4526 715 4591 Isg.
764 4535 811 4587 14,
822 4543 883 4578 ms.
