2722 5040
8 25 1256 415 u

1068 883 1092 920 A·
1105 882 1128 921 C.
1142 884 1192 920 riri

147 902 218 985 484
579 895 617 965 Τ.
640 898 770 969 LIVIl
1069 942 1186 996 οων.

148 1047 192 1092 ex
206 1019 526 1093 senatusconsulto.
545 1022 613 1089 Per
626 1019 770 1092 eosdem
790 1019 882 1106 dies,
898 1018 1032 1117 quibus
1048 1019 1103 1090 hae
1119 1020 1214 1093 aedes

148 1130 317 1203 dedicata
333 1145 432 1213 sunt,
447 1135 487 1200 L.
503 1128 663 1200 AEmilius
676 1130 820 1202 Paullus
834 1132 1030 1229 proconsul
1044 1157 1088 1204 ex
1102 1136 1211 1230 Ligu-

147 1241 247 1313 ribus
265 1244 434 1338 Ingaunis
460 1239 732 1338 triumphavitl.
760 1239 953 1311 Transtulit
976 1265 1128 1313 coronas
1152 1267 1213 1313 au·

146 1375 223 1422 reas
239 1353 401 1447 quinque
415 1365 451 1420 et
465 1347 613 1445 viginti⁵
628 1377 636 1418 :
656 1373 723 1420 nec
738 1366 906 1449 praeterea
919 1350 1120 1447 quidquam
1134 1356 1212 1423 auri

145 1463 356 1559 argentique
375 1461 411 1529 in
433 1484 476 1530 eo
496 1459 680 1556 triumpho
699 1461 823 1530 latum.
844 1462 982 1558 Captivi
1001 1463 1104 1533 multi
1117 1463 1212 1560 prin·

145 1573 242 1668 cipes
260 1572 431 1664 Ligurum
450 1583 532 1640 ante
550 1592 696 1641 currum
716 1566 825 1638 ducti.
842 1570 930 1638 AEris
944 1583 1108 1639 trecenos
1123 1567 1211 1639 mili·

146 1679 241 1751 tibus
254 1679 383 1750 divisit.
405 1682 592 1750 Auxerunt
608 1679 684 1773 ejus
702 1677 875 1776 triumphi
890 1675 1018 1748 famam
1036 1677 1141 1775 legati
1155 1679 1211 1747 Li·

144 1815 298 1886 gurum,
323 1814 446 1888 pacem
475 1804 686 1887 perpetuam
710 1802 882 1859 orantes:
905 1795 954 1860 ita
980 1795 1018 1858 in
1046 1795 1210 1859 animum

144 1901 330 1971 induxisse
347 1905 520 1996 Ligurum
532 1915 693 1995 gentem,
710 1897 812 1969 nulla
830 1923 992 1996 unquam
1006 1924 1126 1982 arma,
1142 1903 1213 1968 nisi

145 2016 322 2107 imperata
352 2035 376 2079 α
393 2009 537 2107 populo
564 2033 738 2095 romanu,
763 2033 913 2079 sumere.
940 2013 1165 2106 Responsum
1192 2033 1210 2079 a

143 2122 187 2209 Q.
203 2117 312 2191 Fabio
325 2136 477 2218 praetore
491 2135 545 2191 est
559 2117 752 2217 Liguribus
763 2119 866 2212 jussu
882 2132 1045 2203 senatus,
1065 2120 1210 2188 Oratio-

143 2256 225 2302 nem
249 2256 330 2301 eum
356 2255 429 2302 nou
454 2254 585 2300 novum
607 2228 798 2325 Liguribus
819 2252 921 2300 esse:
947 2251 1047 2297 mens
1065 2251 1154 2297 uero
1173 2242 1213 2297 ut

143 2365 235 2410 nora
257 2357 293 2411 et
312 2346 468 2412 orationi
490 2345 702 2411 conveniens
724 2353 832 2423 esset,
858 2343 1016 2434 ipsorum
1039 2336 1080 2405 id
1093 2338 1211 2433 pluri·

144 2475 244 2519 mum
261 2453 402 2540 referre.
419 2451 486 2520 Ad
497 2434 662 2519 consules
678 2453 787 2531 irent,
808 2462 860 2531 et,
880 2469 965 2542 quce
979 2445 1028 2515 ab
1045 2452 1087 2515 iis
1102 2452 1211 2544 impe·

142 2575 224 2629 rata
249 2576 382 2642 esseut,
397 2561 576 2648 facerent.
604 2556 709 2629 Nulli
755 2557 815 2640 lii,
842 2580 955 2652 quom
979 2554 1208 2642 consulibus,

143 2685 309 2738 senatum
324 2668 542 2738 crediturum
557 2691 650 2753 esse,
667 2672 807 2736 sr'ncera
812 2666 897 2760 fide
911 2671 948 2735 in
950 2691 1049 2763 pace
1064 2670 1210 2762 Ligures

143 2800 227 2871 esse.
252 2779 324 2846 Pax
344 2779 382 2846 in
403 2775 597 2874 Liguribus
616 2775 694 2847 luit.
719 2779 758 2845 ln
780 2776 922 2846 Corsica
939 2792 1139 2873 pugnatum
1158 2793 1210 2849 est

143 2910 226 2957 cum
241 2886 371 2956 Corsis.
393 2884 446 2955 Ad
465 2885 538 2957 duo
558 2887 668 2961 millia
692 2910 819 2956 eorum
834 2889 881 2955 Μ.
901 2887 1063 2957 Pinarius
1080 2903 1210 2984 praetor

144 2997 181 3064 in
199 2994 440 3066 acie-occidit:
457 3021 530 3092 qua
545 2997 645 3068 clade
659 2996 838 3094 compulsi
856 2994 1001 3072 obsides
1014 2996 1208 3085 dederunt,

144 3120 180 3174 et
192 3129 280 3176 cerae
294 3120 440 3176 centum
454 3107 564 3176 millia
578 3106 701 3203 pondo
710 3103 738 3175 ⁶.
753 3104 842 3177 Inde
856 3107 892 3174 in
907 3107 1103 3178 Sardiniam
1116 3132 1210 3179 exer·

144 3216 235 3284 citus
247 3214 396 3301 ductus,
410 3231 447 3286 et
459 3240 543 3286 cum
557 3215 763 3302 IliensibuS,
774 3232 879 3314 gente
893 3241 939 3287 ne
954 3242 1050 3288 nunc
1062 3217 1208 3314 quidem

145 3326 245 3394 omni
256 3341 356 3423 parte
370 3341 510 3424 pacata,
528 3326 686 3398 secunda
698 3325 818 3424 praelia
832 3324 933 3397 lacta.
950 3327 1210 3424 Carthaginien·

146 3434 245 3505 sibus
263 3435 392 3507 eodem
410 3462 505 3507 anno
522 3452 666 3507 centum
687 3437 831 3508 obsides
849 3435 997 3522 redditi,
1013 3462 1209 3535 pacemque

147 3560 225 3614 tum
239 3546 281 3616 iis
296 3545 475 3644 populus⁷
492 3571 682 3634 romanus,
704 3573 779 3618 non
798 3547 844 3618 ab
864 3571 901 3618 se
922 3563 1077 3637 tantum,
1092 3549 1154 3619 sed
1165 3547 1208 3620 ab

148 3770 257 3834 emphasi
275 3771 385 3834 usurpari
412 3771 442 3818 de
468 3770 656 3833 gladiatoribus,

149 3851 251 3912 quinon
263 3861 333 3897 antea
346 3866 359 3896 a
371 3849 505 3914 pugnando
518 3851 657 3909 cessabant,

150 3944 222 3992 quum
234 3927 412 3985 adversarium,
426 3944 480 3975 cum
494 3944 544 3991 quo
558 3945 658 3994 compu-

150 4007 197 4055 tati
212 4017 291 4058 eraut,
306 4007 488 4054 interfecissent.
506 4007 571 4054 Hinc
584 4008 659 4072 depu-

148 4101 228 4152 gnare
249 4085 287 4131 vel
308 4086 449 4150 simpliciter
467 4103 513 4151 pro
538 4104 659 4151 pugnare,

153 4164 191 4212 sel
202 4164 296 4211 sortiter
305 4180 426 4229 pugnare,
436 4168 475 4214 rel
492 4167 525 4213 ita
537 4183 658 4230 pugnare,

152 4256 180 4292 ut
199 4243 299 4290 victoria
320 4254 473 4306 reportetur,
499 4247 557 4308 poni
588 4246 658 4293 solet.

739 3773 762 3819 5.
774 3772 907 3820 Transtulit
915 3788 1018 3819 coronas
1032 3789 1121 3820 uitreas
1130 3773 1209 3823 XXV:

703 3867 829 3898 numerum
850 3851 985 3914 paupertati
1003 3851 1074 3912 liujus
1096 3850 1210 3916 triumphi

703 3930 846 3986 convenire,
862 3946 912 3979 non
930 3945 988 3976 vero
1002 3929 1066 3976 mille
1083 3942 1107 3976 et
1126 3928 1210 3994 uiginti

702 4007 758 4054 cod.
776 4009 887 4070 Magum.
901 4020 983 4055 monet
997 4008 1071 4056 Drak.
1092 4035 1127 4044 -
1145 4006 1209 4056 AEris

703 4098 824 4142 necessu
846 4090 904 4150 qui,
924 4105 955 4134 ex
974 4087 1209 4149 catanensibus,

703 4177 799 4228 aequant
819 4169 902 4213 uncias
917 4167 1009 4230 urgenti
1028 4178 1147 4214 nostrates
1164 4179 1209 4214 ter·

703 4259 823 4300 nas‚rum
829 4247 905 4302 senis,
915 4257 943 4292 ut
953 4255 1048 4297 vocant,
1058 4246 1156 4307 grossis.
1166 4248 1208 4293 Eu.

153 4322 217 4370 Vide
239 4322 349 4386 exempla
373 4338 428 4384 quae
448 4324 518 4370 ailert
534 4325 610 4370 Drak.
629 4323 661 4370 ad
739 4324 763 4370 6.
779 4325 813 4369 Et
829 4340 890 4370 ceree
907 4334 1001 4369 centurn
1021 4322 1099 4369 millia
1109 4324 1209 4388 pondus

154 4407 179 4454 h.
194 4404 211 4451 l.
227 4402 333 4451 Consule
347 4416 445 4464 quoque
457 4403 540 4448 Burm.
551 4401 582 4448 ad
595 4402 661 4450 Phae·

154 4483 226 4538 Μ,
239 4497 284 4539 11,
297 4498 320 4527 v.
332 4481 356 4527 5.
365 4480 411 4527 Eu.

189 4569 214 4618 4.
231 4559 365 4608 proconsul
381 4574 414 4606 ex
431 4557 558 4623 Liguribus
578 4559 661 4606 trium-

138 4641 317 4710 pharitrride
330 4640 361 4694 sd
372 4640 475 4704 ssu,
488 4654 573 4702 ut‚u.
590 4655 613 4688 ι.

704 4402 769 4449 conl.
786 4403 867 4457 xm,
885 4418 897 4461 7
913 4419 951 4466 pr.
965 4429 998 4436 -
1009 4400 1088 4448 Librae
1105 4416 1208 4450 romane

707 4494 815 4535 roo‚ooo
833 4481 1015 4543 aequiparantur
1028 4496 1041 4526 a
1054 4483 1123 4529 Creu
1145 4481 1209 4528 libris

704 4556 876 4622 parisiensibus
889 4559 993 4618 78,125.
1003 4560 1048 4606 En.

745 4654 770 4697 q.
781 4639 914 4701 Pressaque
923 4649 974 4685 tuns
983 4638 1012 4685 iis
1025 4639 1150 4701 popilius...
1156 4652 1208 4703 pree
