2722 5040
514 837 789 907 nxcoasns.
1116 870 1177 944 19¹

12 1031 31 1060 ἡ
162 964 243 1030 Post
260 965 350 1048 ltaec,
367 963 552 1056 aggreditur
572 968 642 1031 loca
665 990 737 1055 quae
758 966 798 1031 ad
817 967 946 1049 Dahas,
970 986 1053 1059 quos
1072 968 1184 1044 scribit

120 1070 226 1151 Duos,
248 1068 341 1134 etad
362 1071 481 1157 regrum
499 1069 587 1134 alam
608 1071 757 1136 attinent.
775 1072 823 1135 De
841 1073 947 1160 primo
967 1076 1058 1159 loco,
1079 1080 1184 1148 Data.»

119 1173 231 1237 deinde
246 1176 380 1263 equites,
400 1192 461 1239 etc.
478 1175 512 1237 in
528 1173 613 1239 med.
629 1198 697 1263 cap.
711 1178 753 1253 4⁰
764 1198 772 1239 ι
782 1177 802 1230 ἰι
817 1175 921 1241 Totus
934 1179 986 1243 hic
1000 1181 1091 1248 locus
1108 1210 1182 1252 rnu-

120 1279 193 1345 tilus
205 1296 255 1345 est
270 1297 304 1344 et
319 1280 448 1345 inccrtae
462 1279 694 1363 distinctionis;
710 1282 830 1346 nescias
843 1283 928 1347 enirn
938 1331 947 1366 ,
959 1287 1184 1380 Daasne‘equi·

119 1401 165 1450 tes
192 1387 291 1452 ctiam
318 1386 498 1476 sagittarios
526 1386 635 1468 faciat,
653 1410 694 1450 an
720 1409 864 1452 seorsum
891 1391 1044 1479 sagittarii
1065 1397 1182 1462 intelli-

116 1491 226 1580 gendi.
243 1494 294 1556 Ita
309 1493 466 1557 continuo
483 1495 573 1581 podt,
591 1492 712 1557 levisne
735 1509 904 1558 armaturae
923 1497 1023 1562 trium
1043 1502 1179 1569 millium

117 1621 264 1663 seorsum
289 1598 488 1688 accipienda,
511 1621 550 1662 ac
571 1597 690 1662 deinde
710 1599 830 1663 Tralles
858 1622 896 1663 ac
920 1603 1088 1671 Cretenses
1111 1611 1179 1698 pari

117 1726 273 1784 numero,
287 1703 351 1768 hoc
369 1719 434 1787 est,
448 1705 543 1768 etiarn
560 1705 658 1768 trium
679 1705 816 1769 millium
829 1704 842 1768 Ρ
857 1727 897 1769 an
909 1705 1031 1774 Tralles
1047 1734 1085 1776 ac
1101 1715 1180 1779 Cre·

117 1825 224 1875 tenses
240 1809 363 1874 fuerint
379 1832 416 1874 ea
433 1810 493 1874 tria
507 1809 621 1891 millia,
640 1811 709 1898 pari
726 1833 881 1892 numero,
897 1814 961 1877 hoc
976 1832 1040 1898 est,
1058 1819 1180 1884 milleni

117 1912 356 2005 quingenteni?
370 1917 411 1980 Et
426 1916 507 1981 illud
522 1917 586 1981 duo
604 1917 706 1980 millia
721 1916 762 1980 ad
777 1918 888 2005 Mysos
909 1920 1116 1989 referendum
1136 1928 1183 1990 le·

116 2023 328 2114 gendumque
345 2026 525 2111 sagittarii,
544 2040 582 2089 ut
606 2025 798 2088 vetustiores
820 2024 943 2089 habent
967 2027 1114 2112 conces,
1142 2034 1177 2097 in

117 2129 309 2195 nominandi
323 2150 420 2212 casu,
440 2152 507 2194 non
523 2129 642 2211 dandi,
661 2146 700 2193 ut
717 2131 828 2217 Mysos
855 2129 1035 2219 sagittarios
1057 2135 1178 2201 intelli·

116 2257 228 2324 gamus
238 2235 252 2298 P
264 2266 278 2292 ι
293 2234 372 2299 Mox
385 2234 426 2299 de
443 2234 606 2315 secundo,
624 2235 712 2321 regia
725 2233 783 2298 ola
796 2233 962 2299 levioribus·
975 2246 1175 2325 tegumentis,

116 2357 176 2406 οιο.
196 2370 210 2396 ι
222 2340 305 2422 Qua
323 2340 365 2404 sit
379 2339 431 2403 illa
447 2341 535 2426 rugiit
551 2337 625 2419 cla,
639 2339 786 2427 plerique
799 2338 969 2423 dubitant,
986 2358 1083 2431 atque
1095 2346 1177 2412 adeo

115 2449 211 2513 etiam
228 2469 300 2537 ego.
320 2445 384 2512 Sed
404 2448 504 2534 magis
528 2446 592 2510 hoc
613 2445 810 2527 obscurum,
835 2468 936 2533 quum
959 2448 1083 2535 inquit,
1101 2466 1176 2518 ante

116 2554 198 2618 hunc
210 2556 382 2644 equitatum
379 2552 523 2642 salcatoe
533 2551 703 2641 quadriga
709 2599 721 2633 ‚
737 2567 798 2616 etc.
806 2574 978 2640 quemnam
994 2557 1175 2644 equitatum

116 2660 324 2745 intellexerit,
347 2682 450 2748 quum
475 2657 696 2746 cataphractos
714 2680 751 2722 ac
764 2658 849 2722 *ulios
872 2660 996 2747 equites
1014 2664 1175 2749 praecede·

116 2784 188 2831 rent
204 2767 390 2857 Gallograeci
406 2763 548 2854 pedites,
565 2763 785 2853 Cappadoces,
805 2787 843 2829 ιο
866 2767 1039 2832 auxiliarii:
1056 2771 1175 2857 quibus

115 2872 267 2936 omnibus
280 2873 314 2935 in
332 2888 410 2961 typo
427 2891 484 2935 eos
498 2869 732 2958 praeposuimus
745 2900 769 2934 ι.

157 2979 288 3066 Regiam
302 2977 407 3055 alam,
428 2982 567 3056 ιταιριιλν,
585 2973 620 3038 id
639 2990 705 3050 est,
722 2975 893 3040 amarorum
914 2976 979 3040 sive
996 2978 1173 3062 sodoleum,

114 3101 207 3150 vocat
232 3085 410 3174 Appianus.
435 3081 523 3148 Dixit
555 3081 663 3164 enim,
691 3084 725 3147 B.
747 3082 781 3146 5.
806 3104 875 3171 cap.
900 3104 971 3169 107,
994 3105 1065 3172 pag.
1096 3085 1174 3173 173,

113 3202 155 3257 sel
168 3204 197 3261 ἣν
215 3203 313 3256 tenso
333 3202 469 3271 lraqttsrlr,
485 3200 638 3271 ὁπλιομίνιιν
658 3199 761 3269 actique·
774 3189 944 3270 Arrianus,
962 3189 1017 3253 llb.
1032 3192 1061 3270 l,
1076 3214 1104 3256 c.
1118 3215 1174 3279 19,

113 3314 207 3362 vocat
220 3315 269 3361 τῶν
284 3307 386 3378 lralptts
404 3306 448 3362 τὴν
466 3306 592 3370 βασιλικὴν
606 3305 669 3361 ἴλην.
686 3295 780 3359 Conf.
801 3292 963 3358 Drakenb.
984 3292 1075 3358 adh.
1097 3297 1117 3361 l.
1143 3314 1175 3362 et

113 3404 360 3485 Sarno-emto,
377 3403 527 3467 Examen
540 3404 608 3465 crit.
618 3400 671 3466 des
682 3401 762 3465 Hist.
776 3397 1010 3480 danmando,
1022 3414 1092 3465 sect.
1108 3404 1175 3483 111,

112 3536 145 3601 r·
163 3511 226 3592 453
245 3533 317 3601 saa«

155 3616 233 3681 Inde
241 3616 311 3681 ulia
323 3613 501 3693 multitado,
518 3635 583 3700 par
594 3613 635 3690 οἱ,
654 3632 729 3700 quae
740 3610 774 3672 in
789 3609 904 3673 dextro
920 3630 1017 3673 cornu
1031 3625 1130 3677 erat...
1139 3613 1171 3676 in

112 3722 228 3788 eodem
238 3744 306 3811 cap.
317 3721 415 3810 paulo
423 3718 555 3782 inferius
567 3740 575 3782 t
590 3746 603 3773 κ
616 3715 649 3779 Si
653 3738 718 3804 par
728 3716 768 3795 ci,
779 3714 886 3803 inquit
899 3714 1085 3798 Glareanus,
1096 3740 1173 3808 ergo

111 3827 293 3893 Tarentinis
305 3824 561 3914 comparabimus
572 3819 807 3912 argyraspides,
819 3834 851 3883 et
863 3820 1063 3909 Gallograecis
1080 3824 1174 3911 equi·

112 3935 199 3999 tibus
213 3935 297 3998 Daas
313 3931 456 4019 equites,
470 3950 552 4017 quos
568 3928 602 3991 in
620 3926 734 3991 eodem
749 3924 862 3990 dextro
874 3948 977 3989 cornu
990 3945 1177 4014 sequuntur

111 4029 279 4130 sagittarii,
295 4037 415 4127 quibus
426 4035 599 4099 Neocretes
612 4031 904 4119 comparabuntur:
920 4031 1037 4096 deinde
1049 4034 1173 4123 reliqua

110 4146 172 4211 erit
187 4144 383 4233 comparatio
400 4142 509 4230 aliquo
525 4154 619 4229 pacto
638 4161 748 4226 tequa,
761 4137 910 4202 videlicet
921 4139 1019 4202 trium
1034 4139 1172 4203 millium

110 4252 313 4317 Cretensium
328 4273 365 4314 ac
374 4249 529 4314 Trallium
543 4247 577 4310 in
595 4243 709 4310 dextro
723 4267 842 4326 cornu,
854 4243 895 4308 ad
909 4244 996 4309 mille
1010 4245 1171 4335 quingen·

111 4374 160 4423 tos
176 4362 270 4423 Caras
293 4380 330 4421 ιο
349 4356 463 4420 Cilicas
487 4355 521 4417 in
542 4352 673 4417 sinistro
694 4373 817 4432 cornu,
841 4349 1043 4437 totidemque
1053 4350 1173 4414 Tralles
1278 4395 1282 4402 .

109 4464 224 4530 codem
242 4465 275 4527 in
295 4484 430 4527 cornu.-

156 4568 256 4651 Quod
281 4569 397 4632 attinet
419 4566 461 4631 ad
488 4561 702 4632 Hannibalem
729 4561 889 4625 hocloco
916 4583 934 4621 a
957 4557 1047 4621 Livio
1071 4557 1171 4620 ornis·
