2722 5040
176 765 304 880 ssu:
343 786 428 856 us.
455 787 617 856 xxxix.
644 787 742 857 CAP.
770 788 896 856 xxvi.
922 789 1066 856 xxns.
1146 785 1214 883 367

148 915 367 1006 queramur,
388 931 463 1004 quo
484 909 593 979 modo
613 914 707 978 inter
722 932 784 978 eas
798 924 921 1003 gentes
938 924 976 979 et
994 910 1216 983 Macedonas

146 1019 395 1116 disceptem
403 1017 609 1108 formulam
626 1019 725 1113 juris
754 1018 977 1115 exsequendi
999 1026 1214 1091 constituen-

147 1124 262 1200 dam⁵
284 1152 370 1199 esse.

199 1240 346 1309 XXVII.
369 1235 482 1326 Inde,
498 1237 654 1333 graviter
666 1234 810 1308 offenso
822 1261 925 1332 rege,
938 1236 1215 1312 Thessalonicen
1302 1292 1305 1298 -

150 1347 197 1419 ad
214 1346 509 1444 cognoscendum
523 1347 569 1420 de
586 1345 744 1418 Thraciae
757 1345 911 1418 urbibus
925 1347 1212 1445 proficiscuntur.

148 1455 204 1528 lbi
222 1456 329 1554 legati
345 1458 541 1528 Eumenis:
567 1460 607 1528 Si
626 1456 756 1527 liberas
779 1481 855 1528 esse
873 1463 1011 1529 AEnum
1033 1476 1071 1531 et
1088 1466 1215 1532 Maro-

148 1591 259 1638 neam
271 1566 388 1638 uelint
399 1571 575 1651 Romani,
593 1566 688 1636 nihil
698 1573 758 1637 sui
767 1567 920 1664 pudoris
933 1594 1008 1641 esse
1019 1581 1030 1613 ¹
1052 1570 1146 1642 ultra
1164 1573 1216 1642 di-

148 1702 246 1763 cere,
260 1702 374 1774 quam
389 1692 431 1747 ut
446 1678 686 1763 admoneant,
700 1701 757 1766 re,
778 1701 853 1748 non
866 1679 998 1766 uerbo,
1013 1705 1073 1751 eos
1086 1677 1216 1753 liberos

50 1808 54 1812 ·
149 1786 376 1884 relinquant,
395 1811 463 1858 nec
477 1812 584 1859 suum
598 1811 730 1858 munus
747 1793 912 1885 intercipi
926 1789 976 1859 ab
990 1790 1063 1861 alio
1072 1798 1216 1888 patian-

150 1913 218 1967 tur.
244 1901 308 1968 Sin
327 1914 448 1970 auten
476 1905 598 1968 minor
619 1922 708 1975 cura
725 1903 772 1968 sit
791 1903 986 1969 civitatium
1003 1907 1041 1970 in
1060 1901 1217 1973 Thracia

142 2013 370 2105 positarum,
401 2001 520 2079 multo¹
539 2014 662 2079 uerius
688 2017 800 2092 esse²‚
830 2033 916 2104 quae
944 2011 1013 2080 sub
1032 2014 1215 2084 Antiocho

138 2119 300 2208 fuerint,
318 2126 475 2215 proemia
497 2118 584 2190 belli
602 2123 823 2203 Eumenem,
846 2143 960 2214 quam
981 2121 1214 2219 Philippum,

150 2227 306 2316 habere‚·
326 2229 389 2299 vel
393 2253 467 2326 pro
479 2234 599 2325 patris
611 2226 730 2298 Attali
748 2232 882 2299 meritis
902 2226 1014 2314 bello,
1032 2231 1135 2325 quod
1152 2232 1216 2301 ad-

151 2362 268 2408 versus
292 2337 504 2435 Philippum
532 2345 650 2436 ipsum
672 2345 821 2433 gesserit
844 2338 1004 2436 populus
1028 2364 1215 2427 romanus,

147 2445 213 2516 vel
225 2452 318 2533 suh,
334 2449 438 2543 quod
447 2449 623 2519 Antiochi
634 2447 726 2519 bello
745 2464 840 2519 terra
853 2454 1020 2546 marique
1031 2449 1215 2522 laboribus

144 2554 386 2653 pen'culisque
395 2557 563 2628 omnibus
571 2559 779 2648 interfuerit.
791 2558 939 2630 Habere
947 2584 1030 2628 eum
1031 2577 1216 2656 praeterea

148 2665 272 2736 decem
285 2664 486 2761 legatorum
499 2673 538 2737 in
555 2693 637 2738 eam
648 2693 724 2739 rem
732 2670 1010 2766 praejudicium
1023 2675 1089 2767 qui
1101 2697 1215 2768 quum

152 2775 411 2848 Chersonesum
433 2779 772 2877 Lysimachiamque
794 2781 975 2868 dederint,
998 2786 1216 2853 Maroneam

149 2909 295 2983 quoque
307 2902 418 2984 atque
432 2892 572 2959 AEnum
578 2891 745 2986 profecto
758 2890 916 2978 dedisse,
936 2916 1021 2988 quse
1039 2897 1119 2990 ipsa
1127 2920 1216 2990 pro·

140 3000 349 3092 pinquitate
362 3003 517 3093 regnonis
535 2999 636 3070 velut
653 3001 871 3098 appendices
892 3005 1040 3097 majoris
1059 3011 1216 3073 muneris

148 3123 273 3176 essent.
300 3112 399 3178 Nam
427 3108 638 3207 Philippum
665 3111 810 3207 quidem
835 3137 909 3207 quo
935 3128 1002 3182 aut
1025 3118 1149 3183 merito
1176 3119 1214 3182 in

139 3215 323 3313 populum
337 3241 547 3304 romanum,
567 3236 635 3289 aut
637 3221 727 3313 jure
739 3227 882 3316 imperii
884 3273 895 3305 ‚
915 3244 1029 3316 quum
1042 3236 1117 3290 tam
1122 3245 1213 3317 pro·

148 3323 210 3394 cul
224 3351 247 3394 a
254 3326 400 3420 finibus
419 3328 649 3399 Macedoniae
668 3329 805 3413 absint,
827 3328 1025 3398 civitatibus
1048 3328 1103 3399 his
1116 3355 1216 3426 pree-

147 3434 241 3505 sidia
261 3440 496 3534 imposuisse?
518 3442 652 3508 Vocari
671 3442 873 3507 Maronitas
883 3437 1077 3531 juberent;
1101 3439 1212 3509 abiis

148 3550 298 3615 certiora
316 3552 441 3616 omnia
457 3547 505 3617 de
517 3562 612 3617 statu
626 3552 820 3617 civitatium
834 3570 957 3615 earum
971 3549 1131 3616 scituros.
1147 3551 1212 3618 Le·

148 3654 219 3750 gati
236 3656 496 3726 Maronitarum
512 3657 648 3745 vocati,
672 3680 744 3726 non
762 3679 837 3725 uno
858 3656 936 3725 loco
955 3670 1096 3726 tantum
1114 3659 1213 3730 urbis

149 3872 237 3923 dorem
253 3875 367 3939 prwnti
382 3890 463 3922 rerum
477 3876 565 3923 nutui:
580 3890 662 3939 snper·
707 3874 809 3931 scolere,
821 3890 847 3920 se
866 3888 912 3937 pro
928 3871 1047 3921 modestis
1061 3890 1103 3922 sus
1117 3875 1215 3928 debora

151 3968 201 4000 esse
217 3964 242 4001 et
256 3953 341 4004 sibiet
355 3955 473 4003 illinistis
492 3955 662 4020 temporis‚ut
705 3979 741 3990 -
755 3954 787 3999 Ut
794 3951 945 3998 admoneant
953 3963 981 3999 ῦῑ
994 3968 1033 4010 Ν,
1046 3965 1093 4003 θῑῦ·
1108 3957 1176 4018 quod
1189 3969 1218 4005 ut

150 4042 253 4080 mutam
264 4049 303 4080 res
314 4033 396 4081 risisse
407 4045 515 4098 possent.
524 4035 569 4080 En.
706 4040 763 4096 post
785 4046 882 4077 monere
899 4031 987 4095 saepins
1008 4033 1141 4093 omittitur3
1165 4037 1215 4083 vid.

133 4105 136 4109 ’
186 4111 211 4158 5,
223 4112 276 4173 Quo
290 4112 363 4159 modo
373 4112 487 4159 intereas
496 4123 580 4176 gentes
590 4122 615 4158 et
624 4113 660 4160 M.
705 4109 828 4159 Drakenb.

149 4188 307 4253 dhosputur,
309 4190 447 4256 formulam
455 4190 521 4255 juris
530 4206 661 4254 exsequen·
740 4203 764 4235 α.
775 4188 853 4236 Multo
862 4187 944 4236 uerius
956 4205 1022 4246 esse,
1035 4189 1060 4239 h.
1070 4206 1091 4239 e.
1107 4193 1215 4254 nquius,

150 4267 180 4315 a·
186 4268 379 4317 consuescendum
385 4269 460 4326 ,wide
469 4269 504 4318 sil
512 4271 535 4326 1,
545 4269 626 4325 50‚n.
638 4271 662 4327 5,
706 4267 774 4330 qnod
786 4283 833 4332 pro
846 4268 890 4316 illo
904 4285 959 4334 cap.
974 4271 1008 4317 as
1027 4271 1141 4334 ponitur3
1160 4272 1216 4319 vide
1288 4308 1293 4317 .

151 4349 228 4404 2th,
239 4349 253 4395 8
264 4364 306 4406 ‚n.
319 4355 344 4403 4.
706 4346 738 4394 ad
751 4348 790 4405 11,
801 4349 832 4402 48
844 4381 852 4405 ‚
869 4362 894 4395 n.
912 4363 936 4396 a.
951 4351 1012 4397 Mox
1030 4349 1074 4395 nel
1090 4349 1152 4406 suis,
1173 4349 1218 4412 qui

186 4427 248 4475 Cn.
265 4428 371 4474 nvn.
390 4442 411 4476 1.
423 4426 467 4474 Sui
474 4425 577 4490 pudoris
595 4440 660 4481 esse,
707 4423 823 4477 Aniochi
835 4426 897 4474 helio
911 4438 991 4481 terra,
1003 4437 1049 4472 etc.
1063 4428 1127 4486 conj.
1138 4427 1216 4473 Gron.

150 4504 295 4554 modestia
307 4505 525 4568 mundumque
537 4519 604 4552 susm
617 4521 663 4569 po·
707 4504 778 4568 prob.
790 4504 863 4552 an.
