2722 5040
166 799 284 911 titt:
388 820 468 886 un.
495 819 564 885 xn.
593 821 686 885 cnr.
712 820 818 885 xnn.
846 820 968 887 xnn
1131 816 1192 885 501

141 942 177 1007 ln
192 939 312 1010 locum
327 940 404 1034 ejus
415 944 451 1009 P.
466 941 684 1036 Scipionem,
700 939 812 1008 filiurn
828 938 980 1010 Africani
993 951 1034 1027 ¹⁰,
1048 965 1200 1036 augures

142 1065 365 1147 cooptarunt.
385 1052 553 1120 Cumanis
571 1074 615 1119 eo
633 1074 729 1119 anno
749 1049 953 1147 potentibus
969 1051 1201 1148 permissum,

143 1175 180 1230 ut
204 1159 350 1258 publice
375 1162 481 1231 latine
505 1161 760 1256 loquerentur,
792 1175 827 1230 et
854 1159 1077 1257 preconibus
1097 1160 1202 1230 latine

141 1270 317 1341 vendendi
333 1273 392 1364 jus
411 1281 553 1341 esset¹¹.

186 1386 311 1452 XLIll.
340 1383 473 1452 Pisanis
491 1405 614 1477 agrum
635 1380 909 1477 pollicentibus,
927 1406 1001 1477 quo
1020 1382 1125 1451 latina
1141 1404 1203 1450 co·

143 1490 234 1562 lonia
257 1490 517 1577 deduceretur,
537 1493 656 1587 gratiae
679 1490 724 1560 nb
745 1508 871 1562 senatu
895 1509 989 1563 nctae.
1012 1493 1200 1562 Triumviri

142 1604 247 1673 creati
264 1601 308 1672 ad
327 1626 405 1672 eam
425 1627 500 1673 rem
519 1605 562 1692 Q.
585 1598 713 1670 Fabius
728 1604 860 1683 Buteo,
880 1607 926 1672 Μ.
952 1617 988 1672 et
1008 1607 1043 1672 P.
1065 1600 1202 1698 Popillii
1270 1587 1272 1592 ’

142 1715 306 1783 Laenates.
332 1718 357 1781 A
386 1716 424 1782 C.
450 1713 579 1782 Maenio
609 1726 760 1808 praetore
784 1712 899 1803 (cui1,
922 1714 1105 1810 provincia
1127 1716 1205 1781 Sar·

143 1821 237 1894 dinia
262 1849 375 1920 quum
397 1826 590 1903 evenisset,
613 1820 773 1892 additum
791 1836 885 1904 erat,
908 1838 949 1893 ut
967 1836 1143 1918 quaereret
1162 1822 1207 1891 de

143 1931 322 2004 veneficiis
339 1934 480 2031 longius
503 1932 548 2004 ab
569 1930 668 2003 Urbe
690 1932 813 2002 decem
835 1931 994 2003 millibus
1009 1958 1177 2031 passuum
1196 1938 1205 2022 'J

144 2045 250 2115 literae
264 2044 392 2127 allatrc,
411 2048 456 2115 Sc
465 2046 550 2139 jam
570 2049 638 2113 tric
657 2041 770 2111 millia
789 2044 977 2114 hominum
991 2044 1203 2127 damnasse,

144 2173 344 2228 etcrescere
356 2158 672 2253 sibr'quoestionem
690 2153 839 2224 indiciis.
858 2159 937 2225 Aut
949 2181 1029 2224 eam
1048 2154 1119 2224 sibi
1132 2179 1207 2223 esse

143 2375 195 2408 mue
207 2373 336 2424 cooptatus
345 2374 380 2409 est
392 2364 421 2424 Q.
431 2362 526 2409 Fulvius
536 2363 654 2415 Flaccum
698 2375 794 2420 eruum,
805 2373 846 2409 ant
862 2372 927 2409 certe
943 2378 955 2407 a
973 2359 1090 2407 lloroenie
1100 2358 1208 2420 aliqum·

137 2438 221 2502 filetus
241 2453 325 2487 autem
342 2453 413 2504 pont.
442 2458 510 2488 inat.
537 2438 651 2502 Lepidus.
698 2438 741 2487 diu
755 2441 862 2504 linguam
878 2457 945 2487 suam
960 2455 1011 2487 non
1026 2455 1082 2485 cum
1097 2436 1207 2484 linitimis

145 2522 215 2568 l‘orte
235 2533 260 2569 et
277 2523 377 2570 Flaccus
397 2542 410 2570 e
430 2525 537 2588 margine
557 2521 653 2585 irrepsit
698 2520 900 2567 communicatam
918 2519 997 2566 fusse.
1012 2516 1096 2564 uttihi
1110 2515 1150 2562 bic
1165 2515 1207 2561 ad·

144 2600 217 2664 (mm
237 2602 326 2664 pmim
343 2603 422 2667 simpl.
442 2604 471 2664 Q.
485 2603 581 2650 Fulvius
592 2600 652 2647 ‹lici-
698 2596 746 2644 huc
760 2599 945 2646 tenebraesunt.
960 2599 1067 2646 Primum
1080 2597 1144 2644 enim
1155 2612 1208 2643 ver·

144 2679 211 2742 tur),
232 2693 256 2727 et
274 2682 376 2729 extrusit
398 2697 482 2729 vocem
493 2679 593 2743 factus,
610 2689 652 2726 ant
697 2676 921 2740 bapubticetaeine
934 2680 1003 2742 loqui
1014 2677 1209 2739 illiminterpre-

144 2756 194 2805 ltaec
222 2771 313 2806 mutata
338 2771 373 2806 ert
394 2762 419 2806 in
441 2762 549 2808 Flaccus.
574 2758 652 2805 l'uclle
697 2757 864 2805 tationemvtx
872 2756 1208 2823 pomuntrecipere.lleinde,

140 2835 224 2899 factus
243 2839 315 2886 etiem
332 2851 388 2902 port
408 2841 508 2887 Flaccus
527 2839 650 2892 excidere,
698 2837 717 2882 si
735 2835 776 2883 hic
790 2854 873 2885 eorum
887 2855 972 2886 sensus
983 2839 1101 2902 est(u:nn
1118 2837 1149 2883 de
1165 2853 1210 2898 pu·

145 2917 261 2964 antemio
275 2929 334 2964 ante
348 2919 486 2976 munri,et
496 2930 567 2980 pont.
584 2934 652 2963 max.
698 2915 765 2962 blico
777 2920 887 2965 omnium
906 2936 951 2966 neu
968 2918 1087 2966 sermonis
1099 2916 1168 2962 latini
1183 2933 1209 2962 en

146 2994 181 3042 rel
195 3012 239 3059 per
248 3012 274 3043 te
286 2998 323 3044 rel
335 3007 437 3061 propter
446 3008 503 3044 ante
513 2997 560 3060 legi
568 2996 653 3059 ponti·
698 2995 802 3059 intelligi
821 3013 871 3044 non
892 2998 1020 3061 potiuntur
1037 2996 1090 3051 ille,
1107 3010 1161 3056 qum
1178 2993 1208 3040 de

138 3071 213 3137 ficem
225 3075 359 3122 macrinum
371 3078 462 3140 potuit.
694 3075 849 3137 praecortibus
860 3076 929 3124 addit
940 3073 1052 3136 Livius),
1067 3090 1110 3120 cur
1122 3075 1210 3122 Cumu-

183 3169 222 3202 xo.
234 3156 260 3201 Ρ.
274 3155 516 3221 Scipionem,filr'1em
527 3154 653 3220 Africani,
698 3156 724 3202 ni
743 3156 896 3218 pmconibus
920 3155 1042 3219 praecipue
1063 3154 1105 3217 jus
1135 3151 1211 3197 latine

146 3248 203 3280 Μ.
216 3233 272 3280 vide
285 3233 317 3281 nd
327 3235 467 3292 xxxvu,
481 3237 565 3293 34,n.
582 3251 604 3282 2.
620 3262 653 3271 -
698 3235 851 3282 vendendi:
870 3245 956 3282 eenatn
978 3244 1058 3297 petere
1079 3230 1209 3278 voluerint.

146 3312 218 3359 Hunc
237 3313 263 3360 P.
280 3312 419 3375 scipionem
438 3315 479 3375 qui
497 3329 573 3377 augur
589 3330 653 3360 nunc
700 3315 823 3378 Denique,
835 3331 906 3377 quum
919 3328 1014 3360 eruum
1025 3310 1154 3358 habuerint
1162 3311 1210 3356 Ro

146 3402 291 3455 cooptrtur,
322 3392 416 3439 aedilem
445 3393 553 3440 curulem
583 3392 654 3438 luisse
699 3394 904 3451 meni,Cumrnis
917 3390 1079 3455 municipibus
1093 3389 1167 3454 (vide
1178 3389 1209 3434 ed

147 3472 174 3518 L.
189 3470 294 3527 Anicio,
308 3473 344 3518 Μ.
362 3471 477 3519 Cornelio
500 3469 654 3524 consulibus,
699 3473 918 3535 Vlll,14)umm
940 3472 1057 3519 sermonis
1077 3469 1145 3516 latini
1167 3485 1208 3515 ne-

147 3550 268 3598 exietimnt
278 3551 399 3599 Dnlenb.
408 3552 531 3614 Scriptum
542 3562 577 3597 est
589 3565 654 3596 netu·
700 3552 772 3615 gandi
783 3575 803 3600 n.
818 3552 883 3598 [lul.
900 3553 937 3600 Cl.
954 3552 979 3598 C.
998 3552 1028 3596 11.
1040 3548 1139 3594 Sctmid
1152 3549 1210 3594 ilber

146 3645 178 3693 pe
194 3629 220 3676 iu
243 3629 325 3677 indice
344 3630 513 3694 Adelphorum
532 3629 654 3675 Terentii:
700 3630 745 3677 das
761 3630 915 3694 Privilegr'um
936 3627 1070 3675 lateinisclt
1088 3644 1117 3675 zu
1138 3626 1209 3672 reden

147 3711 211 3756 Acta
222 3709 285 3756 ludis
296 3710 324 3769 Q.
336 3709 413 3756 ratio
424 3709 549 3765 Maximo,
564 3711 590 3753 Ρ.
601 3708 656 3755 Cor·
703 3710 769 3756 Giess
783 3710 861 3770 1786,
877 3710 891 3755 8
903 3709 912 3772 (
923 3708 948 3754 in
959 3707 982 3753 d.
994 3722 1065 3752 neven
1076 3705 1212 3752 literatur-

147 3788 209 3834 nelt'o
236 3786 355 3851 Africano
382 3787 491 3834 oedr'lt'bus
516 3786 653 3841 curulibus,
701 3789 753 3835 und
767 3788 935 3835 Vollerlundc
954 3789 982 3844 1,
999 3804 1026 3843 1,
1047 3802 1070 3832 n.
1094 3802 1122 3840 1,
1142 3799 1165 3833 rt
1179 3787 1211 3839 V,

149 3870 175 3916 t.
197 3868 302 3924 Anicio,
321 3869 358 3914 M.
380 3867 489 3913 Cornelio
504 3865 656 3912 consulibus:
701 3883 756 3932 pag,
770 3871 802 3928 67
819 3885 870 3930 seq.
883 3869 932 3926 373
945 3865 1144 3928 seq.).uLnrem
1158 3884 1209 3914 mn-

147 3963 191 3996 nec
205 3947 235 3995 de
248 3948 297 3995 alio
309 3958 391 4011 potest
403 3945 513 4008 intelligi.
526 3947 572 3993 Eo.
702 3959 767 3994 tunm
778 3947 820 3994 dat
832 3959 855 3995 et
868 3947 959 4009 accipit
969 3945 1034 3993 Vell,
1047 3950 1071 3999 l,
1086 3954 1109 3998 4.
1122 3947 1209 3993 Cuma·

186 4045 224 4077 ιι.
246 4028 359 4075 Cumanis
384 4043 412 4073 eo
436 4041 502 4073 anno
522 4026 657 4088 petentibus
702 4043 745 4072 nos
759 4029 821 4073 Osca
837 4025 940 4072 mutavit
956 4025 1048 4071 vicinia
1055 4060 1062 4081 ,
1077 4025 1152 4072 scilic.
1162 4029 1210 4086 jour

143 4109 298 4172 permissum,
319 4119 346 4153 ut
360 4105 456 4169 publice
481 4105 556 4152 latine
577 4106 657 4167 loque·
702 4118 771 4152 antea
786 4121 920 4152 sermonem
939 4121 1042 4168 graecurn
1055 4121 1111 4152 eum
1128 4105 1211 4153 burba-

147 4201 243 4245 rentur,
255 4201 278 4235 et
283 4187 435 4252 preconibus
448 4185 524 4232 latine
537 4184 659 4231 vendendi
702 4202 730 4232 ro
745 4195 933 4231 commutaverit
942 4200 954 4246 ;¹
963 4200 1029 4231 nunc
1045 4186 1071 4230 in
1086 4200 1210 4231 romanum

144 4267 183 4326 jus
193 4280 253 4314 esset
261 4286 269 4313 :
278 4267 330 4314 lraec
342 4267 405 4328 Lips.
417 4264 448 4312 de
456 4268 524 4312 lieet.
534 4266 656 4313 Pronuoc.
701 4264 769 4312 abiit.
782 4262 890 4311 Tende'm
901 4264 930 4311 nb
941 4265 1051 4327 Augusto
1060 4263 1156 4310 colonia
1171 4263 1210 4310 de·

147 4345 188 4393 let.
201 4346 262 4409 ling.
278 4363 333 4408 cap.
348 4345 377 4399 3,
390 4353 414 4390 et
427 4344 467 4390 olii
481 4343 512 4389 de
524 4342 621 4405 ecriptis
633 4354 657 4389 et
702 4343 773 4391 duct·
784 4365 803 4389 u.
822 4344 924 4406 lleync,
938 4346 1029 4405 Opone.
1042 4340 1117 4388 Acad.
1137 4352 1154 4386 t.
1172 4344 1209 4391 lt.

147 4425 250 4472 decretio
256 4425 364 4485 actioque
375 4422 478 4486 publicis
487 4422 622 4485 occipiunt,
632 4435 656 4468 et
701 4440 756 4486 pag.
769 4424 834 4479 2683
851 4425 916 4470 conl.
928 4423 960 4468 id.
972 4435 988 4469 t.
1001 4424 1031 4476 V,
1042 4436 1096 4482 pag.
1108 4420 1166 4475 437·

146 4503 263 4567 colligunt
291 4502 363 4553 binc.
390 4518 523 4548 sermonem
555 4501 654 4548 latinum
736 4504 899 4550 cmxtltt.
920 4519 939 4546 1.
959 4500 1024 4546 ,4,(ἶ
1043 4497 1209 4558 ,tlarnioprer-

146 4596 196 4628 non
216 4581 328 4629 omnibus
350 4579 408 4626 olim
431 4580 548 4628 Romanis
565 4581 654 4641 promi·
701 4593 768 4635 tore,
784 4581 837 4635 cni,
854 4591 899 4626 etc.
914 4579 1045 4639 corillcap.
1060 4577 1101 4633 37.
1118 4576 1211 4620 -Dr·
