2722 5040
204 492 207 497 ¹
981 488 986 501 Ι

168 794 292 911 ltili}
317 819 411 887 cta.
438 819 611 886 xxxix.
639 821 744 887 car.
771 818 919 886 xxm.
946 820 1089 889 xxtv.
1137 816 1200 890 361

141 934 250 1008 uibus
263 940 392 1009 Lamiae
408 950 502 1025 erat,
512 939 756 1036 Romanisque
765 937 941 1037 oppidum
955 939 1118 1013 deditum
1133 956 1206 1027 est,

140 1070 233 1144 agre
259 1072 339 1119 eam
365 1072 442 1119 rem
468 1048 611 1120 tulerat.
634 1048 824 1120 Permulsit
850 1051 939 1119 iram
962 1051 1040 1144 ejus
1058 1051 1206 1138 consul,

140 1157 262 1255 quod,
281 1157 327 1228 ad
350 1160 576 1256 Naupactum
596 1160 673 1255 ipse
691 1157 884 1243 festinans,
905 1183 981 1255 quo
1000 1182 1038 1231 sc
1059 1185 1104 1231 ex
1122 1158 1206 1258 fuga

140 1268 248 1339 AEtoli
266 1266 518 1355 contulerant,
543 1268 709 1366 Philippo
731 1268 915 1367 permisit,
933 1283 975 1340 ut
989 1269 1206 1341 Athamania

141 1392 178 1450 et
196 1376 427 1475 Amynandro
443 1375 582 1448 bellum
600 1377 769 1465 inferret,
788 1393 825 1449 et
842 1377 968 1465 urbes,
988 1405 1078 1477 quas
1095 1380 1206 1452 Thes·
1307 1388 1311 1393 ’

140 1488 223 1559 salis
242 1488 347 1559 AEtoli
365 1486 594 1575 ademerant,
615 1513 728 1585 regno
749 1488 930 1582 adjiceret.
953 1489 1059 1561 Haud
1077 1514 1207 1588 magno

141 1599 338 1670 certamine
362 1611 400 1670 et
416 1597 689 1695 Amynandrum
712 1597 923 1669 Athamania
941 1599 1150 1697 expulerat,
1173 1615 1209 1670 et

140 1706 251 1779 urbes
270 1707 409 1806 aliquot
427 1703 646 1805 receperat3.
665 1707 933 1780 Demetriadem
953 1734 1122 1807 quoque,
1146 1735 1208 1781 ur·

142 1816 228 1891 bem
244 1817 397 1889 validam
412 1832 449 1889 et
464 1816 511 1889 ad
527 1819 648 1888 omnia
665 1831 929 1916 opportunam,
949 1833 985 1890 et
999 1825 1207 1917 Magnetum

142 1944 286 2026 gentem
308 1953 381 2000 suae
405 1928 552 2006 ditionis
577 1925 661 1999 lecit
676 1954 683 1997 :
699 1927 785 1998 inde
806 1942 842 1998 et
868 1929 907 1998 in
929 1928 1077 2000 Thracia
1101 1955 1209 2026 quas-

143 2038 227 2110 dam
244 2038 371 2128 urbes,
390 2064 493 2110 novae
513 2051 624 2135 atque
642 2039 791 2109 insuetae
808 2036 983 2112 libertatis
999 2041 1105 2124 vitio,
1121 2040 1209 2111 sedi-

143 2148 306 2220 tionibus
330 2150 537 2248 principum
556 2147 740 2236 turbatas,
767 2148 953 2246 partibus,
979 2175 1059 2247 quae
1082 2149 1209 2221 dome-

143 2259 233 2330 stico
252 2259 446 2330 certamine
464 2259 716 2345 vincerentur,
734 2257 966 2356 adjungendo
983 2283 1083 2344 sese,
1101 2261 1207 2357 cepit.

192 2373 315 2442 XXIV.
335 2371 397 2452 His
413 2369 534 2441 sedata
550 2370 589 2439 in
603 2369 790 2467 prasentia
803 2370 897 2466 regis
912 2372 964 2441 ira
977 2371 1015 2441 in
1029 2375 1209 2441 Romanos

145 2494 218 2552 est:
237 2505 425 2576 nunquam
440 2495 561 2552 tamen
576 2481 714 2551 remisit
729 2480 889 2550 animum
908 2504 928 2550 a
946 2478 1156 2578 colligendis
1170 2481 1208 2549 in

140 2602 232 2689 'pace
244 2589 399 2677 viribus,
414 2589 567 2688 quibus,
581 2589 804 2688 quandoque
818 2589 899 2661 data
915 2587 1081 2662 fortuna¹
1099 2605 1208 2677 esset,

144 2698 190 2771 ad
215 2699 353 2772 bellum
382 2715 557 2773 uteretur.
585 2700 779 2799 Vectigalia
803 2701 904 2799 regni
930 2727 1005 2773 non
1032 2699 1209 2773 fructibus

143 2825 286 2882 tantum
317 2836 486 2910 agrorum
517 2812 759 2910 portoriisque
786 2813 972 2883 maritimis
1001 2813 1123 2896 auxit,
1146 2812 1209 2883 sed

144 2924 286 2996 metalla
305 2926 412 2997 etiam
434 2939 470 2996 et
492 2939 615 2996 vetera
638 2925 839 2996 intermissa
859 2924 1033 3009 recoluit,
1061 2937 1097 2994 et
1114 2947 1209 2993 nova

144 3034 266 3106 multis
285 3036 372 3107 locis
387 3036 553 3106 instituit.
574 3039 624 3107 Ut
638 3059 726 3106 vero
739 3037 924 3132 antiquam
938 3032 1208 3104 multitudinem

144 3145 354 3233 bominum,
367 3170 448 3243 quae
459 3145 545 3218 belli
559 3144 721 3218 cladibus
735 3147 861 3216 amissa
875 3159 968 3230 erat,
982 3145 1206 3223 restitueret,

145 3282 220 3329 non
240 3255 404 3329 sobolem
424 3271 566 3328 tantum
584 3258 703 3354 stirpis
717 3255 886 3353 parabat,
905 3251 1075 3350 cogendis
1089 3252 1209 3321 omni-

146 3364 215 3437 bus
238 3390 428 3465 procreare
453 3380 562 3463 atque
590 3366 742 3437 educare
766 3364 919 3447 liberos,
945 3362 1008 3433 sed
1029 3362 1207 3433 Thracum

147 3479 253 3549 etiam
267 3500 433 3574 magnam
447 3476 718 3548 multitudinem
735 3478 771 3546 in
786 3473 1034 3547 Macedoniam
1047 3468 1210 3541 traduxe-

145 3601 221 3674 rat,
240 3587 460 3684 quietusque
476 3586 699 3683 aliquamdiu
716 3611 735 3657 a
752 3585 857 3658 bellis
870 3584 971 3655 omni
987 3606 1071 3655 cura
1088 3583 1125 3650 in
1144 3605 1209 3652 au-

145 3696 279 3794 gendas
302 3697 405 3794 regni
435 3720 523 3794 opes
547 3696 710 3767 intentus
738 3693 865 3766 fuerat.
894 3691 1045 3763 Rediere
1076 3689 1207 3762 deinde

104 3810 108 3821 '
147 3831 278 3895 causae,
295 3832 375 3905 quae
399 3806 443 3877 de
470 3808 611 3904 integro
634 3809 723 3877 iram
748 3819 937 3876 moverent
959 3805 995 3874 in
1013 3808 1206 3874 Romanos.

146 4061 225 4109 ιιιαιιὲι
235 4061 350 4126 oppidum
364 4061 472 4110 dadintm
481 4079 545 4112 anno
556 4080 657 4128 sequen·
700 4062 770 4119 cdl,
789 4069 839 4119 at,
859 4078 883 4108 ιι.
902 4069 925 4118 t.
937 4060 1097 4109 -Portorir's
1115 4059 1208 4107 mariti-

146 4140 459 4201 u3vtdeadxxxv11,t
470 4175 478 4199 ‚
490 4159 515 4191 n.
527 4143 551 4191 5.
701 4142 745 4191 ιιιὶι
753 4177 761 4200 ,
775 4142 866 4190 exactis
877 4144 903 4189 in
914 4141 1048 4207 portubus:
1060 4157 1116 4188 nam
1124 4150 1209 4204 porto-

182 4220 206 4268 3.
218 4221 252 4266 Et
259 4220 330 4267 urbes
341 4219 437 4283 aliquot
449 4232 574 4284 receperat
579 4238 590 4277 ,·
601 4221 656 4270 vide
700 4220 763 4268 rium
779 4222 849 4269 etiam
863 4221 889 4270 in
902 4220 1019 4286 pontibus
1031 4232 1055 4268 et
1068 4220 1154 4269 itinere
1163 4218 1210 4265 rol·

146 4296 240 4357 adut,
252 4315 299 4360 ις,
309 4314 334 4346 ιι.
348 4314 369 4344 ι.
700 4299 802 4348 rebatur
813 4298 882 4364 (vid.
897 4303 979 4350 Burni.
993 4299 1129 4362 devectig.
1141 4314 1163 4345 c.
1178 4298 1209 4349 5·

180 4376 241 4425 Cu.
260 4379 357 4427 xm.
380 4395 401 4426 1.
423 4378 575 4444 Quandoque
593 4379 655 4428 dota
701 4395 725 4444 p.
736 4377 804 4441 5³);
815 4390 839 4428 et
852 4379 952 4427 metalla
963 4379 1027 4433 loon,
1039 4374 1209 4425 uudemetnlla

106 4488 115 4501 .
140 4454 246 4519 stamma
258 4473 289 4504 ex
297 4456 391 4505 emend.
401 4459 479 4506 Gron.
489 4457 589 4522 quando
599 4460 655 4509 cdd.
701 4457 851 4509 effodiuntur
861 4457 928 4523 (vide
939 4456 970 4504 ad
982 4457 1065 4514 XLH,
1081 4470 1107 4501 tn
1117 4489 1123 4508 ,
1133 4469 1158 4498 ιι.
1169 4450 1210 4512 8);

145 4545 205 4581 vett.
216 4534 417 4598 quandocumque
430 4538 505 4585 Curio
518 4548 543 4585 et
553 4538 582 4586 al.
593 4539 657 4586 Vide
702 4537 777 4586 bnt.
794 4564 827 4574 -
837 4534 953 4602 Cogendus
964 4533 1072 4581 omnibus
1079 4545 1211 4595 procreare
