2722 5040
479 11 597 49 -.„...‚
632 13 637 25 .

185 75 401 170 absumptis,
421 72 597 169 quosdam
619 74 724 141 taedio
743 99 826 143 acco

185 188 304 281 quisse
323 185 502 265 emunim,
520 184 678 253 decrevit
697 200 833 254 senatui

184 297 258 380 ml,
275 303 309 365 si
324 303 359 365 ei
376 295 575 379 videretur,
596 320 663 364 sex
682 295 838 385 millias«

185 423 255 493 ret,
275 432 361 504 quoe
382 413 420 476 in
446 430 508 475 eas
532 403 695 475 colonias
718 405 843 477 divide.

184 516 390 589 runculeius
403 530 546 614 proetor
568 520 769 585 triumviros
792 540 848 587 cre

185 624 425 699 deducendos.
449 625 567 696 Creati
589 629 638 696 Μ.
658 624 787 697 Atilius
811 629 853 697 Se

184 742 223 809 P.
239 742 274 806 F.
293 735 456 821 Flaccus,
473 739 513 805 L.
527 734 691 806 Valerius
705 739 745 806 C.
762 740 799 807 F.
813 740 858 809 Ta

234 850 376 918 XLVII.
403 843 507 915 Haud
529 845 578 915 ita
598 844 715 917 multo
740 860 843 944 post,

185 957 281 1026 rium
294 955 527 1026 comitiorum
538 969 726 1052 appeteret
738 971 868 1055 tempm

186 1091 230 1136 ex
248 1064 363 1135 Gallia
385 1068 537 1136 Romam
561 1064 678 1137 rediit.
704 1073 738 1139 Is
762 1092 873 1138 noni

185 1191 287 1247 sente
300 1200 339 1247 se
361 1176 692 1265 senatusconsulto,
707 1178 745 1247 in
758 1177 878 1277 suppli

186 1300 222 1357 et
245 1286 430 1358 Placentiae
453 1287 604 1358 colonos
627 1288 786 1384 scripsit,
811 1286 881 1396 se(

186 1396 267 1469 duae
280 1398 319 1467 in
333 1421 478 1495 agrum,
493 1399 557 1494 qui
571 1399 741 1469 Boiorum
757 1395 881 1469 fuisset

186 1510 330 1598 retulit,
352 1524 389 1581 et
407 1523 555 1580 auctore
576 1534 621 1580 eo
636 1515 756 1581 Patres
770 1532 881 1581 censu

188 1645 277 1717 pore
295 1624 334 1690 L.
350 1618 479 1689 AEmilii
496 1619 658 1716 praetoris
672 1619 803 1690 literae²
818 1619 881 1691 alla

187 1729 233 1802 ad
246 1735 487 1828 Myonnesum
503 1727 611 1814 facta,
626 1744 662 1801 et
676 1735 715 1801 L.
733 1731 881 1829 Scipiom

187 1844 301 1912 citum
326 1841 364 1910 in
391 1841 508 1911 Asiam
538 1840 728 1935 trajecisse.
757 1843 881 1912 Victor

188 2029 252 2077 Vide
261 2029 292 2078 ad
304 2030 430 2087 xxvnl,
446 2030 494 2086 38,
510 2045 534 2076 n.
549 2036 574 2084 4.
587 2031 703 2077 -Voca-
743 2031 809 2083 τικόν
823 2030 881 2100 γινί.

188 2122 228 2157 tur
240 2109 281 2156 hic
290 2108 400 2156 AEmilius
409 2109 558 2173 proconsul,
572 2109 629 2173 quin
642 2107 700 2158 licet
744 2110 819 2174 igitur
838 2126 881 2164 um

188 2199 280 2253 premi
292 2187 318 2234 in
332 2187 474 2247 Hi'upminm
485 2189 596 2228 mn.»-
