2722 5040
136 730 207 824 478
563 729 600 794 r.
635 729 772 795 trvu
1047 706 1171 824 atat:

134 852 349 951 religionum
379 871 454 920 esse
463 845 493 935 ⁶,
516 853 556 919 L.
573 848 711 919 Petillio
732 847 838 932 dixit,
861 872 937 921 sese
954 874 1015 921 eos
1032 848 1143 921 libror
1159 856 1197 923 ln

135 968 254 1057 ignem
278 962 519 1056 conjecturum
543 982 618 1028 esse
638 984 649 1025 .·
667 964 773 1054 prius
799 982 911 1054 quum
935 959 1142 1049 adjaceret,
1160 984 1199 1030 se

135 1076 171 1140 ei
185 1075 409 1168 permittere,
431 1072 501 1152 uti,
522 1068 674 1162 siquod
690 1092 753 1137 seu
765 1069 851 1162 jus,
873 1093 936 1140 seu
959 1071 1141 1140 auxillum
1160 1094 1203 1155 re,

135 1179 271 1251 lrabere
288 1178 343 1249 acl
357 1201 416 1249 eor
436 1176 544 1246 libros
561 1177 772 1273 repetendos
789 1183 1030 1263 extitlmaret,
1055 1185 1198 1275 experi-

135 1307 254 1362 retur:
268 1290 309 1360 id
320 1295 456 1384 integra
469 1310 538 1357 suu
550 1293 670 1381 gratio
688 1312 770 1357 eum
776 1289 977 1378 sucturum.
999 1286 1123 1361 Scriba
1139 1291 1199 1359 tri-

135 1401 255 1471 bunos
269 1399 385 1498 plebis
401 1396 492 1485 adit,
510 1396 555 1467 ab
576 1396 729 1468 tribunis
749 1398 794 1469 ad
816 1415 979 1470 senatum
997 1422 1055 1469 res
1072 1413 1127 1471 est
1143 1422 1198 1471 re·

133 1515 236 1605 jecta.
248 1514 382 1581 Praetor
393 1533 429 1580 se
437 1507 690 1603 jusjurandum
704 1508 789 1580 dare
802 1525 965 1606 paratum
977 1534 1054 1581 esse
1066 1508 1197 1595 aiebat,

136 1620 247 1693 libros
266 1645 327 1691 eos
345 1619 414 1715 legi
432 1619 636 1714 servarique
655 1644 729 1691 non
747 1635 926 1717 oportere.
946 1625 1096 1693 Senatus
1114 1644 1199 1691 cen·

136 1731 225 1814 suit,
240 1732 334 1800 Satis
351 1728 578 1816 habendum,
596 1729 699 1825 quod
700 1744 843 1826 praetor
847 1731 1109 1826 jusjurandum
1116 1729 1200 1828 pol·

137 1839 308 1911 liceretur.
339 1839 465 1911 Libros
481 1844 606 1935 primo
636 1863 781 1935 quoque
807 1855 965 1937 tempore
991 1846 1028 1911 iu
1056 1845 1199 1913 comitio

136 1950 348 2019 cremandos
366 1973 451 2020 esse.
472 1954 632 2027 Pretium
644 1973 715 2046 pro
732 1948 850 2035 libris,
870 1966 1049 2046 quantum
1070 1954 1114 2042 Q.
1131 1955 1199 2022 Pe·

136 2057 223 2128 tillio
238 2064 393 2156 praetori
408 2061 610 2156 majorique
618 2065 724 2156 parti
739 2059 964 2131 tribunorum
969 2059 1092 2158 plebis
1105 2061 1201 2133 vide

137 2185 248 2255 retur,
267 2170 414 2239 domiuo
432 2193 508 2240 erse
526 2170 744 2240 solvendum.
768 2168 808 2240 Id
825 2169 940 2252 scriba
959 2195 1033 2243 uon
1055 2172 1199 2269 accepit

137 2278 235 2351 libri
249 2282 286 2349 in
301 2281 465 2364 comitio,
481 2281 595 2376 ignea
612 2279 813 2351 victimariis
827 2276 939 2362 facto,
955 2281 990 2349 in
1004 2296 1200 2378 conspectu

139 2389 264 2487 populi
283 2390 429 2462 cremati
448 2405 541 2460 sunt.

186 2505 296 2571 XXX.
318 2504 487 2596 Magnum
505 2499 641 2573 bellum
658 2525 699 2570 ea
716 2516 835 2572 aestate
853 2517 1015 2573 coortum
1033 2503 1070 2571 in
1084 2503 1202 2600 Hispa

139 2612 198 2681 nia
213 2611 389 2680 citeriore.
411 2609 464 2679 Ad
480 2611 643 2706 quinque
660 2625 695 2680 et
712 2612 856 2706 triginta
868 2610 978 2681 millia
991 2611 1199 2697 homiuum,

138 2735 311 2816 quantum
334 2744 521 2816 uunquam
546 2718 658 2790 ferme
683 2736 806 2808 antea,
827 2720 997 2793 Celtiberi
1016 2745 1200 2820 compara-

139 2846 272 2900 verant.
290 2833 334 2921 Q.
351 2828 495 2901 Fulvius
512 2830 655 2901 Flaccus
674 2855 751 2900 eam
766 2829 952 2902 obtinebat
968 2832 1198 2929 provinciam.

139 2945 193 3027 Is,
218 2942 304 3038 quia
331 2965 468 3012 armare
489 2941 714 3035 juventutem
742 2940 941 3013 Celtiberos
963 2939 1143 3029 audierat,
1168 2957 1203 3013 et

138 3052 236 3147 ipse,
251 3067 384 3148 quanta
403 3066 561 3149 poterat,
581 3076 601 3122 a
618 3052 722 3121 sociis
737 3051 868 3123 auxilia
882 3067 1128 3136 contraxerat,
1143 3050 1202 3122 sed

140 3186 367 3259 nequaquam
393 3187 545 3232 numero
571 3161 718 3233 militem
743 3162 882 3234 hostem
908 3160 1081 3258 aequabat.
1103 3162 1204 3232 Prin·

140 3272 234 3367 cipio
253 3274 346 3343 veris
361 3273 559 3343 exercitum
574 3273 613 3341 in
627 3275 877 3370 Carpetaniam
896 3271 1018 3360 duxit,
1037 3288 1074 3342 et
1093 3288 1204 3343 castra

139 3380 269 3451 locavit
280 3381 324 3452 ad
336 3382 511 3483 oppidum
522 3381 689 3453 AEburam
703 3393 726 3466 ¹,
737 3382 879 3454 modico
892 3383 1057 3481 praesidio
1067 3386 1104 3453 in
1114 3380 1204 3454 urbe

141 3493 268 3587 posito.
289 3495 413 3564 Paucis
430 3509 512 3590 post
526 3491 654 3565 diebus
668 3491 855 3578 Celtiberi,
875 3491 986 3564 millia
1001 3492 1076 3564 duo
1093 3491 1204 3565 ferme

141 3602 262 3688 iude²,
290 3600 358 3672 sub
383 3601 475 3673 colle
499 3618 699 3700 posuerunt
720 3619 844 3674 castra.
871 3606 972 3693 Quos
997 3603 1060 3674 ubi
1083 3603 1205 3675 adeste

141 3728 272 3809 praetor
288 3737 457 3783 romanus
474 3714 600 3793 sensit,
619 3716 667 3782 Μ.
686 3712 848 3790 Fulvium
864 3711 1008 3784 fratrem
1025 3738 1109 3784 cum
1122 3713 1203 3785 dua·

142 3820 211 3890 bus
228 3824 354 3893 turmis
373 3825 552 3894 sociorum
572 3807 736 3920 equiturn
757 3824 801 3894 ad
818 3841 930 3895 castra
951 3824 1108 3895 hostium
1124 3850 1204 3923 spe·

142 3929 298 3999 colatum
326 3932 441 4018 misit,
466 3957 574 4028 quam
600 3935 766 4032 proxime
792 3935 981 4004 succedere
1007 3934 1050 4004 ad
1073 3935 1203 4006 vallum

178 4202 203 4247 a.
223 4201 344 4263 Pleraque
362 4201 566 4250 dissolvendarum
584 4203 651 4267 relig.
697 4205 781 4262 li,uhi
793 4207 855 4253 forre
867 4203 972 4274 Αἶὸιυρα
981 4209 1028 4274 leg.
1041 4227 1087 4274 pro
1097 4205 1203 4275 Διῧῶρα·

143 4298 170 4329 r;
182 4280 237 4327 vide
248 4279 280 4326 ad
289 4281 340 4331 111,
353 4288 399 4335 at,
412 4297 436 4327 n.
456 4297 476 4327 1.
698 4285 770 4332 Drak.

178 4361 239 4409 Cir.
257 4360 342 4406 XXX.
363 4376 385 4406 1.
401 4359 445 4407 Ad
460 4377 516 4423 opp.
536 4361 652 4408 AEburam
734 4363 849 4412 attrita
866 4366 914 4412 duo
925 4365 1005 4428 ferme
1018 4364 1089 4420 inde,-
1106 4364 1161 4410 risle
1175 4365 1203 4411 ad

143 4456 221 4504 prope
232 4442 340 4501 Tagum:
351 4438 401 4486 vid.
412 4439 495 4503 Steph.
508 4450 529 4485 e!
541 4440 604 4488 Ptol.
615 4443 652 4489 Π.
699 4444 733 4488 tx
743 4477 749 4492 .
761 4453 806 4499 ²4,
818 4461 842 4489 n.
855 4458 877 4489 a.
