2722 5040
622 356 625 363 .

80 746 84 751 ⁶
129 758 156 796 A·
170 753 195 793 C.
209 754 254 805 ¹7⁸·

133 813 254 867 m„
380 773 527 841 ninnn
559 775 885 843 nunciavi.
1098 775 1165 863 545

101 908 248 966 senatus
265 893 308 963 iis
323 917 342 963 a
360 897 408 964 M.
427 894 557 964 Titinio
574 909 727 992 praetore
741 893 845 965 datus
863 896 899 964 in
919 896 994 966 aede
1013 898 1167 973 Bellonae

102 1005 149 1076 ad
168 1002 393 1074 disserendas
409 1028 466 1074 res
476 999 503 1091 ³,
523 1029 613 1101 quas
631 1007 840 1102 gessissent,
859 1005 1169 1107 postulandosque

102 1115 264 1185 honores
282 1117 450 1202 meritos,
469 1127 511 1183 ut
528 1112 595 1184 diis
613 1114 877 1186 immortalibus
896 1114 1091 1188 haberetur
1108 1119 1169 1190 ho-

103 1250 181 1297 nos.
206 1224 343 1296 Eodem
365 1239 528 1322 tempore
553 1225 643 1293 etin
668 1224 828 1295 Sardinia
847 1251 1017 1323 magnum
1032 1230 1168 1300 tumul-

103 1351 182 1408 tum
208 1359 310 1418 esse,
337 1334 448 1406 literis
472 1339 510 1404 T.
537 1331 677 1407 AEbutii.
698 1337 861 1432 praetoris
886 1338 1070 1435 cognitum
1093 1355 1167 1427 est,

103 1471 195 1543 quas
212 1442 309 1515 filius
326 1444 404 1539 ejus
423 1442 467 1514 ad
483 1458 646 1544 senatum
662 1445 839 1517 attulerat.
859 1447 1025 1537 Ilienses,
1041 1449 1169 1546 adjun-

104 1559 169 1626 ctis
194 1554 401 1624 Balarorum
426 1553 585 1640 auxiliis,
608 1569 767 1651 pacatam
790 1559 1010 1654 provinciam
1031 1559 1168 1649 inuase-

104 1680 207 1752 rant;
227 1689 295 1734 nec
315 1665 364 1734 eis
378 1662 534 1733 invalido
551 1664 722 1751 exercitu,
740 1680 776 1735 et
793 1690 919 1763 magna
939 1682 1041 1764 parte
1061 1673 1168 1768 pesti·

103 1775 214 1847 lentia
233 1774 443 1872 absumpta,
462 1776 579 1845 resisti
600 1790 751 1874 poterat.
764 1775 896 1846 Eadem
918 1792 953 1848 et
974 1779 1168 1852 Sardorum

104 1884 211 1981 legati
222 1883 438 1953 nuntiabant
448 1898 608 1972 orantes,
621 1895 663 1955 ut
672 1884 824 1957 urbibus
835 1886 958 1957 saltem
970 1887 1062 1984 (jam
1073 1893 1168 1960 eninr

105 2018 210 2090 agros
229 1991 436 2090 deploratos
453 1994 576 2088 essel)
596 2019 702 2092 opem
723 2010 866 2067 senatus
887 1994 1007 2069 ferret.
1025 2004 1108 2071 Haec
1123 2000 1170 2071 le-

104 2105 220 2200 gatie,
247 2117 438 2199 totumque
464 2104 563 2201 quod
589 2104 634 2175 ad
659 2104 854 2175 Sardiniam
882 2105 1105 2202 pertinebat,
1125 2109 1171 2178 ad

106 2237 222 2285 novos
231 2215 458 2310 magistratus
469 2215 641 2308 rejectum
654 2231 714 2286 est.
731 2220 846 2311 AEque
861 2215 1073 2288 miserabilis
1082 2218 1170 2316 lega-

107 2324 158 2393 tio
176 2324 367 2418 Lyciorum
381 2319 407 2402 ⁵,
424 2324 488 2419 qni
507 2322 754 2395 crudelitatem
772 2322 1016 2411 Rhodiorum,
1036 2327 1171 2422 quibus

106 2431 151 2503 ab
166 2437 203 2503 L.
220 2433 388 2504 Cornelio
404 2434 569 2529 Scipione
585 2430 749 2502 attributi
763 2446 886 2518 erant,
904 2432 1169 2529 querebantur:

106 2548 232 2613 Fuisse
247 2542 315 2613 sub
334 2543 468 2612 ditione
482 2541 677 2611 Antiochi:
697 2565 778 2609 eam
795 2546 932 2636 regiam
948 2548 1169 2635 servitutem,

107 2653 275 2723 collatam
300 2678 381 2722 cum
401 2656 572 2749 praesenti
591 2665 706 2736 statu,
723 2650 946 2747 praeclaram
973 2652 1170 2728 libertatem

107 2769 234 2831 uuam.
249 2766 335 2832 Non
344 2760 493 2858 publico
511 2774 650 2829 tanaim
663 2784 702 2828 se
704 2767 830 2856 premi
839 2767 1006 2859 imperii),
1024 2766 1092 2834 sed
1101 2774 1171 2838 sin-

103 2867 233 2967 gulos⁶
240 2873 383 2966 justum
396 2876 480 2967 pati
498 2875 688 2940 servitium.
708 2872 821 2938 Juxta
838 2894 877 2939 se
895 2873 1063 2965 conjuges
1080 2873 1169 2944 Iibe-

143 3079 167 3125 3.
178 3079 279 3124 Senatus
292 3077 322 3125 iis
334 3094 351 3124 a
364 3078 398 3124 Μ.
416 3078 442 3124 Τ.
452 3089 560 3141 praetore
572 3077 616 3124 da·

108 3168 145 3203 tus
154 3157 179 3202 iu
189 3157 241 3203 oede
252 3157 358 3204 Bellona·
365 3157 402 3203 ad
408 3157 560 3204 disserendas
568 3173 614 3211 res,

108 3247 154 3284 etc.
167 3235 222 3282 vide
232 3235 263 3282 ad
271 3237 347 3292 vm,
358 3237 373 3282 5
380 3271 387 3292 ,
402 3252 426 3283 n.
441 3251 467 3293 1,
477 3247 501 3283 et
512 3237 617 3293 XXVI,

109 3329 151 3373 at,
158 3331 184 3362 n.
198 3331 221 3360 1.
230 3314 413 3370 Edisserendau
425 3325 452 3362 ut
461 3316 552 3373 xxn,
568 3315 616 3371 54,

109 3394 223 3451 xxvlt,
243 3408 274 3450 7,
289 3399 312 3438 et
328 3393 359 3437 nl.
378 3394 442 3452 conj.
461 3394 574 3439 Gronov.
588 3407 616 3437 ee

108 3471 195 3519 deinde
204 3482 227 3516 et
236 3480 262 3515 ut
270 3469 331 3523 diis,
343 3481 391 3517 etc.
400 3471 530 3532 Vulgrtum
541 3469 615 3517 disse·

108 3551 196 3598 rendas
208 3559 306 3597 tuentur
315 3548 379 3595 Duli.
390 3560 414 3596 et
424 3548 497 3595 Dralr.
508 3548 581 3596 Conf.
591 3559 614 3596 et

109 3630 176 3677 Cort.
193 3628 224 3675 ad
243 3627 338 3675 Sallust.
357 3627 410 3674 Cat.
429 3628 451 3675 5.
462 3629 500 3663 '—
512 3627 615 3674 Balaro-

109 3724 180 3763 rum,·
191 3707 239 3755 vid.
249 3705 327 3755 Strab.
339 3707 370 3761 V,
379 3706 448 3765 2253
461 3707 563 3753 Peueeu.
577 3707 614 3762 X,

112 3802 140 3845 17
151 3786 229 3842 ;Plin.
239 3789 290 3842 lll,
305 3786 457 3848 7.-d!agna
462 3797 535 3849 purte
539 3786 614 3849 pesti·

109 3866 183 3913 lentio
192 3866 318 3930 absumpto
330 3865 451 3923 exercitu,
463 3866 554 3922 m1x,
568 3873 615 3920 at,

108 3955 132 3989 et
143 3946 203 4001 xt,
215 3947 246 4000 34
255 3979 261 4002 ,
271 3945 318 3991 nisi
326 3944 372 4007 leg.
382 3959 472 4006 magna
483 3959 516 3989 ex
523 3953 596 4006 parte
606 3977 613 3996 ,

108 4023 147 4069 vel
159 4040 274 4087 magnam
282 4036 398 4088 partem
410 4022 486 4071 Dru.

145 4112 167 4158 4.
181 4105 258 4166 Agros
271 4102 409 4165 deploratos
429 4117 495 4157 esse5
512 4101 568 4148 vide
584 4101 615 4148 ed

109 4182 218 4238 111,38‚
229 4198 253 4228 n.
265 4182 288 4228 3.

147 4261 169 4307 5,
184 4260 263 4321 AEque
274 4258 415 4305 miserabili)
428 4259 517 4322 legatio
528 4258 614 4322 Lycio·

110 4355 177 4392 rum,
190 4348 238 4384 etc.
253 4336 283 4383 ed
297 4335 370 4383 finem
384 4352 436 4399 cap.
451 4338 517 4384 conl.
529 4335 615 4400 Polyb.

111 4418 213 4474 xxvt,
233 4430 256 4474 7,
275 4416 318 4477 qui
337 4427 415 4463 temen
437 4415 498 4464 hanc
517 4415 616 4480 legatio-

38 4544 40 4548 ,
111 4513 166 4542 nem
176 4506 231 4553 ‚eut
245 4506 308 4542 certe
321 4511 463 4559 responsum
474 4496 558 4559 legetis
570 4497 617 4558 Ly-

215 4586 295 4651 Vll.

659 3075 752 3123 ciorum
768 3072 851 3121 datum
860 3106 868 3132 ,
877 3073 902 3119 in
912 3088 1001 3119 annum
1013 3089 1062 3136 seq.
1075 3075 1171 3134 rejicit3

660 3154 734 3201 Drek.
744 3153 811 3200 Idem
825 3167 882 3199 mox
891 3152 987 3200 emend.
998 3153 1080 3199 Fuisse
1089 3170 1115 3200 se
1125 3155 1169 3201 sub

660 3233 753 3281 ditione
764 3227 887 3279 Antiochi.

697 3311 722 3359 6.
743 3312 799 3356 Non
816 3309 913 3372 publico
934 3319 1028 3356 tanetum
1047 3326 1072 3356 se
1088 3312 1171 3374 premi

661 3389 776 3452 imperio,
803 3389 848 3434 sed
873 3388 996 3452 singulos,
1020 3401 1066 3435 ete.
1085 3411 1097 3429 «
1107 3389 1170 3437 forte

658 3469 821 3532 singulorum,
841 3484 874 3514 sc.
883 3467 1053 3526 Rhodiorum,
1072 3467 1109 3514 vel
1123 3484 1168 3530 po·

658 3548 706 3594 tine
711 3547 822 3610 publice,
838 3547 854 3593 i.
864 3564 884 3593 e.
895 3547 1006 3593 Rhodios
1015 3563 1066 3594 non
1074 3557 1168 3594 tantum

659 3627 685 3672 in
701 3624 827 3689 publicum
845 3636 870 3672 et
888 3641 1016 3672 commune
1038 3626 1168 3688 Lyciorum

659 3721 729 3766 grave
739 3705 868 3768 imperium
877 3720 1003 3761 exercere,
1015 3703 1082 3766 quod
1093 3703 1168 3753 tribu·

660 3795 739 3830 torum
753 3782 935 3839 exactionibus,
945 3783 1025 3846 legum
1036 3783 1168 3832 violatione

658 3861 788 3924 multisque
802 3861 855 3908 aliie
868 3861 939 3908 rebus
950 3859 1001 3908 lieri
1018 3872 1113 3925 potest3
1124 3864 1167 3911 aed

658 3938 729 3988 etiam
748 3939 857 4001 elugnlos
875 3940 964 4002 Lycios
990 3941 1166 4005 mancipiorum

657 4017 715 4066 loco
726 4017 821 4065 habere.
832 4019 962 4081 Imperium
971 4019 1069 4082 publice
1078 4037 1168 4069 saevum

659 4109 683 4145 et
696 4097 811 4155 iujustum
829 4114 880 4144 esee
895 4107 987 4161 potest,
1002 4111 1029 4147 ut
1040 4100 1129 4163 privati
1144 4112 1169 4147 et

659 4175 746 4239 elnguli
755 4187 836 4222 tamen
846 4192 896 4223 non
904 4177 1027 4240 patiantur
1035 4194 1087 4224 eam
1097 4180 1169 4225 servi·

660 4265 749 4310 tutem,
760 4270 807 4317 que
817 4272 843 4301 se
855 4257 931 4319 premi
945 4268 1079 4319 queruntur
1089 4256 1165 4318 Lycii.

660 4332 790 4397 Imperium
801 4351 859 4381 vero
864 4334 989 4398 publicum
995 4347 1031 4381 eet
1041 4335 1168 4397 imperium

660 4413 764 4460 civitatis
776 4413 938 4462 Rhodiorum.
952 4415 985 4460 Ar
1002 4412 1059 4459 huic
1073 4411 1168 4458 civitati

661 4493 742 4556 aptius
756 4492 869 4540 ridentur
883 4492 977 4556 opponi
992 4489 1103 4553 potuisse
1118 4489 1168 4553 pri-

1006 4573 1050 4646 35
