2722 5040
149 741 193 814 32
573 739 612 809 r.
646 739 786 810 mvn
1064 718 1189 824 titt:

148 861 335 938 ferendam
349 858 553 934 civitatibus
566 861 660 949 suis;
680 861 754 934 sive
766 862 947 951 vinceret,
964 876 1006 933 ut
1025 859 1215 962 dissipatos

148 979 187 1047 in
201 973 323 1072 fugam
335 977 519 1044 Romanos
532 986 849 1069 persequerentur.
867 977 1031 1068 Utraque
1042 995 1127 1070 pars
1138 998 1216 1044 non

148 1087 281 1159 mansit
301 1082 412 1157 modo
432 1082 471 1151 in
496 1083 674 1153 sententia
692 1107 777 1171 sua,
803 1081 867 1155 sed
888 1083 996 1154 etiam
1016 1099 1216 1180 exsequuta

148 1209 204 1268 est
218 1193 420 1267 consilium.
436 1195 519 1262 Duo
539 1190 651 1263 millia
664 1193 842 1264 Heracleae
857 1191 1118 1264 subsisterant:
1139 1193 1215 1265 duo

148 1304 322 1378 trifariam
344 1302 456 1373 divisa
481 1298 742 1373 Callidromum
769 1316 806 1374 et
831 1300 1073 1373 Rhoduntiam
1100 1315 1138 1373 et
1154 1304 1215 1373 Ti-

149 1416 297 1489 chiunta
320 1412 423 1510 (haec
449 1412 597 1483 nomina
621 1410 871 1484 cacuminibus
899 1407 1040 1507 sunt⁵)
1062 1436 1215 1511 occupa-

148 1552 305 1695 vellelfll.
330 1618 468 1694 Consul
488 1633 683 1718 postquam
703 1620 837 1693 insessa
859 1620 1047 1719 superiora
1069 1618 1149 1692 loca
1167 1618 1213 1691 ab

146 1733 269 1809 AEtolis
295 1731 405 1821 vidit,
444 1734 493 1802 Μ.
517 1731 682 1801 Porcium
708 1732 883 1802 Catonem
911 1744 947 1801 et
971 1734 1010 1801 L.
1030 1729 1213 1801 Valerium

146 1848 333 1933 Flaccum,
351 1840 558 1915 consulares
573 1840 709 1939 legatos
720 1851 748 1924 ¹,
762 1865 845 1912 cum
862 1839 959 1911 binis
977 1838 1139 1911 millibus
1152 1838 1213 1912 de·

145 1961 323 2034 lectorum
348 1955 536 2056 peditum,
562 1954 608 2026 ad
632 1955 776 2027 castella
800 1955 1020 2044 AEtolorum‚
1045 1954 1212 2026 Flaccum

147 2074 185 2144 in
216 2068 463 2142 Rhoduntiam
488 2079 525 2138 et
546 2064 758 2155 Tichiunta,
785 2068 960 2137 Catonem
979 2067 1020 2136 in
1038 2064 1213 2137 Callidro-

145 2206 248 2254 mum
269 2178 390 2251 mittit.
411 2181 516 2275 Ipse,
534 2176 763 2274 priusquam
781 2177 828 2249 ad
847 2175 990 2248 hostem
1010 2176 1132 2273 copias
1148 2174 1212 2248 ad-

146 2305 328 2379 moveret,
345 2302 491 2361 vocatos
507 2289 547 2358 in
566 2289 781 2359 concionem
797 2286 930 2359 milites
951 2287 1075 2385 paucis
1088 2301 1143 2359 est
1162 2286 1213 2360 al-.

144 2404 344 2502 loquutus:
376 2397 606 2495 «Plerosque
635 2399 799 2470 omnium
836 2395 1028 2486 ordinum,
1059 2396 1212 2486 milites,

143 2544 160 2579 e
178 2517 273 2585 inter
292 2534 357 2583 vos
375 2533 453 2582 esse
472 2507 598 2597 video,
618 2510 682 2607 qui
709 2510 748 2581 in
776 2509 845 2581 hac
872 2509 1000 2582 eadem
1027 2510 1213 2608 provincia

145 2656 163 2692 e
179 2629 217 2695 T.
238 2621 380 2714 Quintii
398 2619 512 2692 ductu
528 2620 762 2718 auspicioque
778 2619 1025 2691 militaveritis.
1046 2617 1212 2690 Macedo-

144 2765 162 2801 «
179 2735 265 2805 nico
285 2730 383 2803 bello
406 2729 705 2829 inexsuperabilis
730 2732 843 2829 magis
865 2732 977 2803 saltus
998 2729 1045 2802 ad
1063 2754 1210 2802 amnem

144 2873 163 2909 a
183 2846 302 2915 Aoum
318 2838 422 2928 suiv,
443 2864 553 2938 quam
572 2839 642 2912 hic.
664 2842 811 2940 Quippe
837 2855 951 2940 portae
974 2854 1060 2912 sunt
1079 2839 1155 2928 hac,
1174 2856 1212 2913 et

144 2982 161 3017 α
180 2975 295 3036 unus,
314 2951 410 3021 iuter
433 2948 508 3022 duo
526 2951 638 3022 maria
656 2950 784 3025 clausis
802 2950 992 3040 omnibus,
1010 2950 1128 3022 velut
1146 2976 1207 3025 na·

144 3092 162 3128 e
180 3061 306 3135 turalis
325 3062 498 3133 transitus
523 3075 588 3133 cst.
614 3063 836 3135 Munitiones
856 3077 894 3134 et
920 3062 1008 3135 locis
1032 3077 1208 3161 opportu-

141 3201 160 3237 α
180 3169 346 3243 nioribus
363 3184 451 3242 tunc
471 3168 637 3259 fuerunt,
647 3187 683 3245 et
690 3172 882 3245 validiores
896 3174 1090 3272 impositae:
1106 3197 1210 3246 exer-

142 3312 160 3350 «
179 3283 271 3355 citus
285 3280 445 3354 hostiurn
465 3281 525 3353 ille
540 3297 576 3354 et
593 3307 748 3359 numero
764 3282 895 3378 major,
917 3296 954 3355 et
974 3283 1132 3355 militum
1147 3308 1209 3378 ge-

1281 1399 1289 1443 l

182 3541 207 3588 5.
231 3537 405 3586 Callidromum
427 3549 452 3585 et
470 3536 611 3587 Rhoduutla
631 3551 655 3587 et
698 3538 1209 3603 militumeoslnciunthppisn.syr.18;

148 3617 244 3678 lichins
251 3652 259 3674 ,
279 3615 408 3665 cacumina
421 3617 494 3666 OEtae
503 3618 603 3668 montis.
615 3620 653 3669 cf.
699 3618 811 3667 Frontin.
823 3620 896 3666 Sunt.
905 3619 940 3675 11,
950 3625 979 3675 t,
990 3616 1046 3682 §43
1056 3619 1209 3668 Aurel.Vict.

145 3698 223 3748 strab.
233 3698 285 3757 IX,
305 3712 361 3761 pag.
374 3698 441 3757 4283
455 3697 540 3762 steph.
554 3701 616 3764 Bya.
630 3710 655 3748 ot
700 3695 956 3758 dove.i11.x1.vt1;
967 3698 1095 3749 Pluecu.
1106 3717 1132 3764 p.
1143 3703 1211 3759 34η

144 3777 254 3843 Appian.
265 3776 320 3841 Syr.
333 3776 380 3835 18,
390 3778 433 3840 qui
448 3777 499 3826 duo
512 3788 607 3826 tantum
617 3794 656 3826 ca·
700 3787 724 3824 st
733 3776 785 3825 Cic.
794 3776 825 3824 ds
837 3780 894 3826 Seu.
908 3794 951 3828 ro:
964 3796 1010 3829 noo
1019 3781 1102 3845 negari
1112 3793 1208 3845 potest.

144 3858 241 3906 cumina
258 3866 393 3913 memorat,
412 3855 518 3906 millonis
535 3869 654 3922 occupata
699 3866 751 3903 tum
761 3856 913 3916 consulares,
930 3870 982 3906 tum
992 3860 1136 3924 pretoriot,
1147 3876 1207 3909 non

143 3935 262 3985 militibus
272 3933 419 3983 AEtolorum.
699 3951 824 4000 nunquam
840 3937 952 3985 tribunos
967 3939 1072 3988 militum
1081 3941 1160 3990 factos
1175 3959 1210 3991 oe

179 4014 333 4066 cinxvu.
352 4029 375 4061 1.
395 4016 433 4063 M.
449 4013 563 4062 Pomium
579 4014 655 4063 Cato·
699 4031 740 4075 ιη
753 4016 810 4065 ride
820 4027 901 4065 tamen
910 4017 942 4065 ad
952 4019 1093 4080 XXXVII,
1105 4037 1163 4079 1,n.
1174 4023 1210 4084 63

146 4113 200 4145 uem
221 4105 245 4140 et
264 4095 292 4140 L.
311 4091 436 4141 Valerium
454 4095 569 4141 Flaccum
594 4092 655 4158 (qui
699 4096 785 4154 XLII,
806 4097 1098 4160 49,n.6;xu11,5;
1117 4103 1208 4161 XLIV,

146 4176 206 4244 olim
223 4188 271 4220 una
287 4172 399 4220 consules
415 4174 525 4230 summu
544 4173 656 4221 videatur
704 4192 726 4234 r,
736 4176 777 4236 37.

144 4254 275 4307 XXXIII,
292 4258 340 4310 Ia,
357 4253 389 4308 43
398 4252 424 4317 ),
440 4252 581 4300 consulam
590 4250 654 4317 lega·
737 4272 762 4304 a.
772 4257 853 4304 Saltus
862 4255 899 4304 ad
908 4273 1005 4307 animem
1015 4263 1110 4319 Aoum,
1120 4274 1166 4311 etc.
1176 4264 1210 4312 cl.

144 4348 199 4391 tos,
215 4342 244 4381 ut
255 4329 321 4395 apud
338 4329 420 4395 Phleg.
431 4330 506 4379 thul.
524 4329 655 4381 deblirab.
702 4336 815 4395 xxxn,
828 4337 858 4394 5,
876 4350 920 4395 ro,
941 4338 982 4386 13.
1002 4366 1037 4375 —
1055 4343 1136 4388 Porta
1153 4355 1209 4391 sum

146 4430 201 4479 cap.
213 4415 235 4461 3.
246 4409 318 4459 Cous.
327 4410 359 4457 ad
369 4410 497 4467 XXXVI,
512 4426 540 4468 1,
553 4426 579 4457 n.
589 4417 619 4468 t,
632 4422 657 4458 ct
701 4410 754 4469 lec,
768 4424 815 4462 eto.
827 4414 925 4462 vidend
934 4417 1034 4477 XXXI,
1048 4434 1081 4481 ²9
1090 4453 1097 4477 ,
1106 4436 1130 4466 n.
1145 4437 1209 4468 r.-

145 4491 286 4546 xxxvii,
304 4503 332 4541 1,
355 4504 378 4535 n.
396 4489 423 4536 6.
434 4487 558 4537 Tribunos
575 4499 656 4537 nutem
700 4492 823 4539 Interdico
834 4493 915 4542 risoria
922 4497 1009 4552 ,·cons.
1018 4500 1124 4562 capri.
