2722 5040
169 676 293 791 3:233:
421 698 572 764 mana
605 697 682 764 xa.
711 696 815 763 car.
845 696 906 762 m.
1138 695 1206 767 515

141 822 181 888 L.
198 819 395 889 Mummius
417 841 583 888 censores
605 815 813 886 locaverunt
828 814 1091 912 imponendos:
1113 817 1205 889 basi-

142 907 247 1000 licirm
270 942 353 1026 post
374 927 589 1025 argentarias
608 949 718 996 novas
740 939 776 995 et
799 917 940 995 sorum⁸
955 924 1208 1022 piscatorium,

142 1038 372 1112 circumdatis
395 1038 570 1123 tabernis,
600 1061 690 1133 quas
714 1034 876 1106 vendidit
898 1036 935 1105 in
959 1038 1155 1133 privatum,
1173 1053 1209 1109 et

142 1148 263 1220 sorum
277 1163 313 1219 et
326 1150 504 1246 porticum
522 1161 621 1216 extra
629 1161 771 1243 portam
785 1147 1041 1243 Trigeminam,
1055 1162 1091 1217 et
1103 1148 1207 1219 aiiam

144 1274 226 1356 post
251 1258 424 1343 navalia9,
442 1272 479 1328 et
498 1256 543 1327 ad
564 1253 686 1326 fanum
705 1255 888 1343 Herculis,
905 1271 941 1327 et
962 1272 1042 1354 post
1061 1261 1142 1354 Spei
1164 1257 1208 1328 ad

143 1368 303 1439 Tiberim
328 1366 441 1443 eedem
469 1365 643 1463 Apollinis
664 1364 806 1435 Medici.
832 1364 999 1437 Habuere
1017 1381 1053 1438 et
1072 1368 1109 1435 in
1127 1391 1209 1465 pro·

143 1481 281 1549 miscuo
299 1492 471 1575 praeterea
492 1476 681 1574 pecuniam
705 1484 748 1543 ¹⁰.
766 1477 818 1545 Ex
837 1500 879 1547 ea
902 1477 1140 1548 communiter
1155 1477 1209 1548 io·

144 1604 270 1660 emunt
287 1612 415 1685 aquam
432 1584 677 1658 adducendam
694 1583 922 1682 fornicesque
936 1585 1128 1659 faciendos.
1145 1591 1211 1658 Im·

142 1696 351 1794 pedimento
365 1698 467 1794 operi
482 1694 550 1767 fuit
562 1699 609 1765 M.
621 1695 778 1765 Licinius
792 1699 959 1776 Crassus,
975 1700 1039 1792 qui
1053 1721 1119 1795 per
1131 1696 1211 1769 furi·

143 1805 230 1877 dum
252 1830 357 1877 suum
384 1804 468 1876 duci
490 1830 564 1876 nou
591 1821 644 1885 est
663 1829 797 1903 passus.
823 1806 986 1875 Portoria
1007 1831 1157 1904 quoque
1175 1824 1212 1880 et
1235 1886 1237 1889 ,

144 1916 325 2012 vectigalia
340 1927 365 1958 ¹¹
395 1914 504 1985 iidem
529 1915 642 1985 multa
671 1916 911 1985 instituerunt
934 1915 1131 2013 Complura
1156 1943 1210 1988 sa·

143 2025 233 2096 celia
248 2025 412 2123 publica,
435 2051 515 2121 quae
529 2025 670 2096 fuerant
685 2040 858 2123 occupata
878 2050 898 2095 a
918 2027 1065 2123 privatis
1078 2038 1121 2112 ¹²,
1142 2052 1210 2125 pu·

143 2134 237 2205 blica
261 2159 432 2231 sacraque
458 2152 501 2205 ut
524 2151 644 2223 essent
668 2150 906 2233 paterentque
929 2135 1086 2233 populo,
1107 2160 1211 2207 cura-

143 2260 239 2315 runt.
265 2248 452 2315 Mutarunt
470 2244 637 2341 suffragia
650 2241 700 2331 ¹³3
717 2245 1001 2341 regionatimque
1016 2244 1209 2341 generibus

143 2352 333 2425 hominum
346 2354 534 2448 causisque
545 2369 581 2423 et
595 2353 789 2449 quaestibus
804 2352 919 2425 tribus
930 2353 1208 2453 descripserunt.

142 2550 347 2602 ceneoreepoeten
362 2539 419 2603 piiie
423 2537 530 2602 fornices
541 2539 654 2586 locarunt
689 2538 795 2602 fuerant
810 2549 931 2601 occupata
946 2556 963 2586 a
972 2542 1095 2604 privatis,¹
1109 2542 1161 2589 haec
1176 2542 1208 2590 le·

143 2618 308 2683 imponendos.
326 2619 414 2665 Portue
434 2627 513 2664 entem
525 2616 654 2664 Tiberinae
697 2617 748 2663 etio
758 2617 885 2664 Gronovio
897 2616 1008 2666 debetur.
1019 2620 1142 2668 [inhibent
1152 2620 1208 2669 edd.

144 2713 193 2744 non
210 2696 268 2744 aiibi
287 2707 449 2754 memoratum
462 2695 504 2743 ted
521 2696 653 2759 emporium
697 2695 838 2760 principes,
851 2707 912 2744 reete
929 2696 1157 2763 Drak.,comp1ura
1170 2716 1212 2748 ea·

143 2775 287 2823 admira
298 2776 406 2832 XXXV,
419 2790 463 2830 ro,
474 2785 498 2821 et
507 2776 579 2831 XLI,
590 2791 651 2834 ομ
698 2770 921 2840 ceila'pubiieaque
938 2793 983 2849 sega
1001 2791 1139 2842 occupata,
1160 2792 1207 2829 etc.

143 2854 266 2902 Drakenb,
697 2857 766 2902 Hanc
775 2854 921 2913 lectionem,
936 2857 1006 2916 eujus
1018 2857 1125 2921 vestigiis
1137 2859 1210 2907 insti·

178 2935 203 2982 8.
220 2933 351 2980 Basilicam
363 2943 421 2996 post
435 2932 589 2996 argentarias
606 2949 651 2981 no·
695 2935 740 2994 tit,
750 2934 844 2981 felicius
853 2935 935 2982 foreen
943 2951 1015 2997 quarn
1026 2935 1118 2993 Gron.‚
1129 2939 1162 2983 ire
1172 2953 1208 2986 re·

143 3029 185 3060 one
205 3024 229 3058 et
250 3023 308 3076 poet
318 3011 405 3076 firrnm
417 3027 465 3074 p.‚·
479 3010 534 3059 vide
551 3012 583 3060 ed
600 3015 650 3073 IX,
694 3012 767 3061 finxit
781 3012 876 3062 wuoh.
892 3013 992 3061 Emend.
1004 3013 1057 3061 Liv.
1073 3030 1129 3077 pag.
1147 3018 1211 3073 1032

144 3099 190 3152 40,
206 3107 231 3139 n.
252 3106 296 3148 ro,
314 3101 339 3137 et
355 3092 455 3148 XXVI,
469 3107 516 3151 27,
531 3108 557 3138 n.
576 3109 600 3138 a.
616 3118 651 3128 --
695 3092 822 3156 compium
830 3092 921 3139 sacella
925 3091 1027 3155 publica
1036 3093 1110 3155 quasi
1116 3108 1162 3140 sua
1171 3111 1209 3141 ne-

144 3170 263 3218 Vendidit
275 3171 299 3218 in
306 3169 445 3234 priuatum
457 3170 555 3219 vidend
566 3174 606 3230 11,
620 3189 652 3234 9,
697 3185 788 3237 cupam
800 3189 817 3218 a
826 3171 942 3236 privatis,
955 3172 1057 3234 publica
1072 3188 1207 3237 sacroque,

143 3266 168 3298 n.
192 3258 215 3305 Ι..
228 3246 353 3297 -Lnxem
368 3262 469 3313 portam
490 3250 653 3314 Trigeminam
697 3263 745 3300 ete.
760 3254 851 3300 nn.-
866 3249 967 3297 Publica
984 3252 1072 3299 iterum
1089 3266 1210 3317 sacraque

142 3330 215 3377 etiem
226 3329 277 3377 duo
287 3328 328 3376 elii
337 3328 458 3392 porticus,
471 3329 532 3376 alter
543 3330 653 3384 XXXV,
697 3342 724 3376 ut
736 3342 812 3377 esseut
818 3320 981 3393 patrientque
987 3330 1080 3394 populo
1092 3347 1123 3379 ex
1130 3347 1209 3381 emen-

147 3423 190 3466 ιο,
210 3418 235 3454 et
252 3409 324 3466 XLI,
344 3424 392 3467 27,
410 3408 471 3455 alter
489 3409 597 3464 XXXV,
619 3414 649 3462 41
698 3408 796 3455 datione
806 3406 876 3470 Pigh.
884 3406 1033 3472 publicaque
1042 3425 1115 3456 sacra
1128 3422 1155 3457 nt
1158 3428 1208 3474 pa-

143 3497 319 3546 memorantur,
330 3486 395 3535 nuk.
659 3490 662 3502 '
698 3498 775 3538 terent
787 3496 912 3548 essentque
920 3472 1012 3549 populo
1022 3485 1079 3533 edd.
1092 3499 1153 3536 entt.
1162 3506 1209 3551 pu·

178 3581 203 3627 ⁹·
218 3568 251 3613 Et
263 3565 340 3613 alim
352 3577 411 3629 pose
424 3563 538 3620 navalia,
553 3563 608 3610 vide
620 3564 652 3612 ed
697 3565 761 3612 blica
772 3579 853 3610 rursus
861 3574 888 3609 ot
896 3575 1004 3628 essentp.
1012 3581 1040 3628 p.
1050 3567 1116 3626 conj.
1128 3567 1206 3615 Gron.

142 3646 194 3703 111,
215 3645 265 3703 26,
288 3661 313 3692 n.
337 3647 412 3691 6.-
429 3641 517 3691 AEdem
532 3641 653 3707 Apollinis
698 3643 787 3707 probb.
798 3642 864 3691 Cler.
876 3652 901 3688 et
913 3641 1123 3708 Crever.Anleg.
1135 3661 1208 3705 occu·

127 3753 131 3767 .
144 3722 235 3770 Medici
244 3741 254 3780 ,·
264 3723 330 3771 eoni.
341 3723 411 3788 Pigh.
421 3722 509 3770 Annei
519 3723 551 3770 ed
560 3740 581 3770 a.
594 3723 653 3781 574.
682 3741 685 3746 ¹
693 3735 759 3786 pam
771 3739 789 3769 a
797 3721 900 3785 privatis
907 3719 1066 3786 profatuque
1079 3723 1117 3770 vel
1123 3724 1208 3790 prosa·

182 3817 222 3850 ro.
238 3803 350 3850 Habuere
363 3814 388 3849 et
403 3803 428 3848 in
438 3802 578 3865 promiscuo
587 3818 654 3866 proe·
697 3813 817 3865 nataque,
833 3815 905 3848 saera
915 3812 943 3847 ut
950 3812 1028 3848 essent
1031 3818 1060 3865 p.
1065 3804 1160 3866 populo
1166 3810 1179 3850 .³

143 3891 211 3927 terea
218 3880 362 3945 pecunmm,
373 3882 437 3929 inter
445 3897 469 3929 ee
479 3897 529 3929 nou
540 3881 653 3943 divinem,
736 3880 774 3927 13.
787 3881 916 3927 nutarunt
924 3878 1063 3944 suffugia,
1075 3897 1162 3930 eornm
1173 3884 1206 3931 ie·

142 3959 173 4007 nd
183 3975 254 4007 neum
261 3961 427 4023 promiscuum
437 3959 517 4018 ,unde
524 3976 653 4008 moxeom·
696 3959 827 4007 rendornrn
856 3961 974 4007 rationem
985 3946 996 4016 ,¹
1014 3960 1208 4028 regionatimque

142 4039 253 4086 maniter.
267 4042 391 4087 Proeterea
408 4056 440 4088 ex
455 4040 550 4087 emend.
568 4042 652 4103 Sigon.
695 4037 822 4103 generibus
842 4035 976 4095 dominum,
994 4040 1127 4090 “cundum
1146 4044 1212 4090 XIV

138 4128 258 4178 praetores
269 4119 294 4165 in
303 4118 356 4165 MS.
367 4121 465 4166 Partem
468 4119 580 4182 pecuniae
586 4121 652 4179 conj.
697 4117 808 4180 regiones
821 4116 895 4163 Urbis
906 4128 930 4165 et
940 4118 1115 4167 hebiutionem
1127 4121 1154 4167 in
1162 4121 1205 4181 iie,

142 4197 218 4243 tiron.
231 4199 303 4245 Forte
317 4197 363 4262 leg.
376 4213 492 4245 censores.
696 4197 870 4260 hominumque
891 4210 989 4261 genera,
1012 4213 1113 4255 euersas,
1134 4199 1159 4246 h.
1184 4218 1205 4250 e

181 4289 220 4322 11.
233 4275 348 4324 Portorr‘a
357 4289 381 4323 et
392 4274 542 4340 vectigalia5
552 4274 607 4322 vide
621 4274 652 4322 ad
695 4277 801 4324 honores
811 4292 854 4324 eeu
864 4276 974 4335 ordiner,
983 4288 1007 4325 et
1020 4288 1140 4341 qnaeetue,
1152 4278 1168 4326 i.
1182 4295 1204 4326 e.

143 4355 179 4413 11,
191 4368 219 4416 9,
231 4371 255 4401 n.
270 4363 300 4411 t;
314 4357 357 4412 w,
372 4357 402 4411 8,
418 4371 442 4403 n.
456 4370 482 4400 a.
695 4353 794 4418 opificia
807 4355 817 4420 (
828 4356 860 4403 ita
876 4368 902 4403 ut
914 4356 1022 4416 ejuedem
1041 4356 1148 4419 generis,
1160 4369 1209 4406 erc.

182 4446 221 4478 ra.
234 4432 364 4495 Coinpiura
373 4433 464 4485 sacella
471 4432 585 4496 publica,
597 4448 652 4495 qun·
695 4434 806 4481 homines
821 4436 847 4481 in
867 4435 965 4498 regione
984 4436 1089 4495 cujnevie
1113 4434 1199 4494 tribue,

1015 4519 1077 4589 33.
