2722 5040
141 845 214 939 nt
565 849 604 914 r.
638 848 780 916 mvn
1053 826 1178 941 aaa:

143 980 198 1052 ct,
218 964 509 1064 quibuscumque
531 969 758 1038 irritamentis
781 982 938 1065 poterat,
960 970 1028 1038 iras
1049 968 1203 1038 militum

143 1075 313 1161 acuebat,
331 1101 427 1148 nunc
448 1075 609 1147 fraudem
635 1076 790 1148 hostium
809 1079 993 1164 incusans,
1012 1078 1094 1173 qui,
1117 1101 1205 1174 pace

144 1188 271 1282 petita,
287 1186 440 1258 induciis
458 1186 565 1271 datis,
585 1211 650 1284 per
675 1188 792 1284 ipsum
817 1187 1040 1258 induciarum
1062 1203 1206 1286 tempus

143 1312 268 1367 contra
282 1297 343 1391 jus
360 1298 519 1394 gentium
542 1294 585 1366 ad
608 1311 720 1368 castra
741 1296 983 1395 oppugnanda
1004 1300 1204 1385 venissent3

145 1431 260 1494 riunc,
280 1422 437 1502 quantus
456 1405 576 1504 pudor
600 1422 714 1490 essct,
732 1407 909 1495 edocens,
933 1406 979 1479 ab
993 1409 1204 1505 Liguribus,

59 1551 61 1554 ·
144 1518 343 1590 latronibus
369 1520 512 1605 verius,
541 1543 651 1616 quam
682 1517 846 1590 hostibus
869 1519 993 1614 justIs,
1016 1543 1206 1590 romanum

144 1629 339 1699 exercitum
365 1627 531 1701 obsideri.
548 1632 662 1721 «Quo
684 1654 747 1700 ore
771 1631 961 1726 quIsquam
981 1645 1160 1715 vestrum,
1178 1632 1206 1698 si

145 1769 161 1803 a
177 1739 260 1809 hinc
274 1740 390 1810 alieno
406 1738 591 1838 praesidio,
611 1765 685 1810 non
706 1754 821 1810 vestra
834 1741 985 1822 virtute,
1005 1739 1207 1823 evaseritis,

63 1886 71 1901 ·
145 1865 360 1935 «occurret,
385 1875 459 1920 non
482 1849 563 1921 dico
581 1849 635 1920 eis‘
650 1849 841 1935 militibus,
864 1852 927 1946 qui
949 1848 1206 1934 Hannibalem,

144 1961 239 2056 «qui
252 1959 492 2058 Philippum,
520 1963 581 2056 qui
612 1960 851 2049 Antiochum,
878 1962 1051 2031 maximos
1079 1976 1208 2031 nostra

147 2102 162 2133 a
176 2070 286 2140 aetatis
316 2094 417 2167 reges
445 2069 647 2167 ducesque,
677 2073 861 2154 vicerunt,
890 2068 951 2141 sed
975 2071 1039 2156 iis,
1058 2072 1122 2165 qui
1143 2069 1208 2141 hos

145 2181 274 2278 «ipsos
292 2182 440 2279 Ligures
458 2181 668 2278 aliquoties,
689 2205 863 2279 pecorum
882 2180 993 2252 modo
1013 2178 1208 2276 fugientes,

148 2321 163 2354 a
179 2313 244 2387 per
271 2290 381 2361 saltus
407 2292 521 2362 invios
550 2295 742 2363 consectati
767 2291 995 2363 ceciderunt?
1013 2289 1122 2380 Quod
1150 2292 1208 2360 Hi·

148 2400 296 2498 «spani,
314 2400 413 2498 quod
429 2402 541 2487 Galli,
556 2403 654 2499 quod
668 2403 883 2474 Macedones
896 2403 1042 2475 Poenive
1059 2427 1133 2472 non
1153 2425 1210 2473 au·

148 2541 163 2574 a
178 2511 305 2596 deant,
325 2513 530 2609 Ligustinus
543 2511 653 2582 hostis
667 2512 797 2583 vallum
812 2535 1002 2583 romanum
1019 2507 1134 2595 subit,
1149 2508 1209 2579 ob·

150 2621 271 2691 «sidet
298 2620 394 2691 ultro
423 2636 459 2692 et
482 2620 691 2720 oppugnat!
725 2645 858 2719 quem,
888 2635 1084 2691 scrutantes
1110 2635 1211 2690 antea

149 2730 305 2801 «devios
330 2730 458 2816 saltus,
487 2730 649 2803 abditum
675 2748 711 2803 ct
736 2732 904 2803 latentem
927 2732 986 2799 vix
1008 2727 1210 2798 invenieba-

149 2872 165 2904 «
178 2864 269 2911 mus.
287 2871 303 2905 a
321 2841 373 2910 Ad
397 2840 471 2912 haec
489 2846 716 2916 consentiens
737 2841 954 2913 reddebatur
972 2841 1126 2911 militum
1144 2841 1212 2912 cla·

151 2954 266 3039 morl,
283 2950 420 3046 nullam
440 2956 592 3022 militum
610 2953 755 3050 calliam
773 2977 864 3036 esse,
888 2952 1018 3048 quibus
1040 2975 1146 3020 nemo
1165 2949 1215 3019 ad

151 3062 411 3159 erumpendum
437 3069 580 3158 signum
607 3063 769 3133 (ledisset.
797 3067 912 3132 Daret
931 3068 1096 3157 signum,-
1114 3059 1212 3130 intel·

152 3171 345 3257 lecturum,
364 3173 523 3257 eosdem,
546 3179 611 3269 qui
630 3189 738 3242 antea
747 3173 906 3262 ficerint,
928 3188 963 3241 et
979 3176 1165 3241 Romanos
1181 3186 1214 3241 et

153 3286 299 3376 Ligures
316 3307 400 3353 esse.

200 3392 363 3462 XXVIII.
382 3394 467 3462 Bina
486 3393 535 3462 cis
552 3408 693 3463 montes
713 3407 825 3463 castra
843 3394 1013 3488 Ligurum
1032 3406 1143 3462 eraut.
1165 3392 1213 3459 Ex

152 3505 210 3587 ils,
228 3503 351 3600 primis
369 3500 517 3589 diebus,
534 3502 608 3572 sole
626 3518 728 3586 ortu,
743 3504 874 3599 pariter
888 3524 1013 3571 omnes
1027 3500 1214 3597 compositi

152 3628 188 3684 et
201 3614 363 3684 instructi
378 3610 642 3712 procedebant:
664 3627 752 3696 tum,
762 3613 829 3682 nisi
843 3611 1002 3682 exsatiati
1017 3607 1100 3679 cibo
1115 3610 1213 3678 vino·

153 3748 246 3819 quc,
267 3747 364 3795 arma
393 3748 466 3794 non
492 3721 702 3820 capiebant,
724 3718 896 3819 dispersi,
921 3719 1116 3791 inordinati
1143 3719 1217 3789 ‹exi-

155 3832 258 3914 hant,
281 3826 322 3902 u't
341 3832 475 3928 quibus
495 3857 562 3930 pro
583 3855 646 3929 spe
667 3843 824 3902 certum¹
847 3845 957 3917 esset,
979 3830 1101 3900 hostes
1119 3845 1217 3898 extra

156 3942 287 4015 vallum
308 3947 407 4042 signa
426 3971 499 4017 non
519 3945 684 4016 elaturos.
704 3944 880 4026 Adversus
894 3946 942 4015 ita
960 3943 1218 4039 incompositos

155 4079 216 4126 eos
228 4056 411 4127 venientes
423 4111 432 4141 ,
446 4057 600 4128 clamore
620 4057 752 4153 pariter
765 4057 949 4140 omnium,
970 4055 1032 4147 qui
1048 4056 1084 4120 iu
1097 4052 1219 4123 castris

156 4269 232 4316 altero
242 4268 297 4316 loco
312 4271 325 4313 I
329 4271 352 4312 V
351 4303 358 4325 ,
367 4268 442 4314 altero
454 4270 487 4313 VI
494 4303 502 4324 ,
514 4269 552 4314 vel
561 4281 663 4332 utroque
708 4261 801 4307 clamor
809 4275 814 4307 :
823 4278 873 4308 vox
883 4259 996 4312 militnm,
1007 4276 1019 4303 c
1032 4256 1089 4303 cod.
1103 4259 1218 4316 Mognnt.

160 4352 193 4395 VI
204 4346 333 4413 legendum
348 4363 406 4393 esse.
416 4344 556 4392 Videndum
577 4347 663 4399 etiam,
709 4342 739 4388 ab
749 4341 814 4388 Aldo
824 4341 928 4395 inserta,
939 4352 996 4382 mox
1008 4335 1127 4397 repetitur
1139 4370 1146 4391 ,
1158 4348 1185 4382 ur
1199 4347 1222 4384 ct

158 4444 188 4475 an
199 4425 364 4489 acx‚'quarurn
374 4422 439 4471 nulla
450 4425 542 4471 mentio
553 4422 579 4470 sn
590 4459 597 4475 .
607 4423 665 4471 alibi
709 4421 802 4484 signnm
813 4439 823 4475 ,·
833 4416 905 4466 orat.
918 4416 988 4463 Cous.
1003 4414 1033 4460 ad
1047 4416 1072 4468 1,
1084 4416 1112 4469 3,
1126 4431 1150 4460 n.
1163 4416 1186 4461 8.

159 4516 283 4573 occupatae
298 4523 325 4553 ar
342 4503 431 4552 relictae
447 4520 497 4550 esse
510 4504 633 4567 potuerim
644 4524 664 4547 ›·.
705 4525 708 4530 ·
745 4501 807 4547 Car.
820 4497 938 4545 xxvnt.
959 4510 977 4538 ι.
999 4495 1044 4538 Pro
1057 4509 1098 4555 spe
1112 4505 1224 4569 certam,

196 4593 218 4639 t.
232 4584 383 4633 Corrsentierts
405 4581 552 4630 reddebatur
565 4580 665 4628 militum
710 4571 942 4641 log.piopcccrtum
952 4573 1053 4620 Munct
1066 4571 1138 4619 Crcr.
