2722 5040
78 37 1358 359 u

207 799 271 871 132
631 799 669 863 τ.
702 798 843 866 nvn
1119 781 1243 885 ltu:

202 937 278 996 stro
305 921 446 991 bostem
471 930 658 1015 poterant,
689 931 726 988 et
752 915 919 1015 obliquas
941 943 979 991 se
1002 921 1088 1019 ipsae
1110 922 1156 992 ad
1176 925 1271 996 ictus

201 1028 433 1129 praebebant:
448 1040 502 1113 et,
517 1027 546 1097 si
563 1049 637 1123 qua
649 1042 894 1115 concurrerat,
907 1027 1133 1102 obruebatur
1145 1031 1268 1106 infuso

201 1144 292 1240 igni3
305 1142 493 1237 magisque
507 1135 552 1208 ad
562 1136 788 1224 incendium,
808 1163 918 1234 quam
935 1138 981 1210 ad
996 1139 1178 1238 praelium,
1194 1158 1270 1215 tre·

201 1250 386 1352 pidabant.
403 1248 600 1319 Plurimum
612 1262 752 1332 tamen,
766 1272 846 1343 quae
862 1250 971 1337 solet,
983 1250 1140 1325 militum
1155 1254 1269 1326 virtus

201 1365 238 1432 in
263 1360 360 1432 bello
379 1358 501 1428 valuit.
525 1357 682 1428 Mediam
704 1382 863 1455 namque
884 1361 997 1431 aciem
1015 1359 1175 1434 bostium
1192 1369 1269 1436 Ro·

201 1473 298 1543 mani
313 1491 428 1566 quum
444 1468 648 1566 rupissent,
671 1469 902 1540 circumvecti
917 1469 964 1542 ab
983 1486 1085 1570 tergo
1101 1498 1267 1572 pugnan-

199 1581 298 1655 tibus
317 1579 486 1651 adversus
498 1577 660 1649 Rhodios
680 1579 785 1675 regiis
799 1602 876 1651 sese
892 1578 1082 1676 objecere;
1099 1608 1267 1656 momen-

199 1708 312 1789 toque
334 1690 507 1788 temporis
536 1702 573 1760 et
592 1686 712 1759 media
734 1689 828 1759 acies
853 1691 1039 1780 Antiochi,
1058 1708 1095 1764 et
1117 1695 1206 1766 lavo
1227 1697 1266 1766 in

199 1826 315 1874 cornu
333 1802 583 1871 circumventa·
603 1821 712 1869 naves
729 1799 998 1897 mergebantur.
1013 1806 1172 1875 Dextera
1183 1829 1266 1903 pars

199 1915 340 2009 integra
370 1910 552 1980 sociorum
583 1908 695 2004 magis
720 1907 847 1999 clade,
877 1936 988 2008 quam
1011 1936 1079 1985 suo
1101 1917 1265 2012 periculo

198 2020 415 2095 terrebatur.
444 2024 638 2105 Caeterum,
660 2033 854 2117 postquam
877 2023 964 2094 alias
987 2025 1266 2115 circumventas,

200 2134 405 2232 praetoriam
437 2153 566 2201 navem
593 2128 842 2226 Polyxenidae,
866 2131 1000 2204 relictis
1031 2136 1161 2222 sociis,
1186 2136 1266 2208 vela

199 2242 346 2313 dantem
368 2238 512 2326 videre,
543 2238 694 2311 sublatis
715 2241 848 2339 raptim
872 2241 1094 2316 dolonibus⁴
1108 2249 1169 2342 (et
1188 2261 1265 2319 erat

199 2352 381 2425 secundus
397 2349 608 2449 petentibus
624 2349 809 2449 Ephesum
825 2354 976 2448 ventus)
997 2371 1189 2453 capessunt
1208 2354 1266 2428 fu·

196 2488 289 2562 gam,
303 2461 541 2559 quadraginta
554 2459 699 2532 duabus
709 2461 862 2533 navibus
873 2465 911 2533 iu
926 2488 968 2536 ea
979 2489 1103 2563 pugna
1114 2468 1264 2556 amissis,

196 2597 352 2671 quarum
368 2571 493 2642 decem
514 2585 550 2645 et
568 2585 641 2643 tres
652 2567 668 2612 ⁵
681 2585 795 2671 captae
813 2573 851 2642 in
871 2574 1265 2669 potestatembostium

195 2697 392 2770 venerunt,
411 2695 546 2752 caeterae
558 2682 727 2770 incensae,
741 2696 804 2752 aut
820 2680 1002 2756 demersoe.
1014 2688 1265 2758 Romanorum

196 2794 276 2864 duae
290 2816 399 2863 naves
415 2788 535 2862 fractae
550 2805 650 2877 sunt,
665 2789 862 2863 vulneratae
871 2792 1020 2891 aliquot
1034 2795 1177 2868 Rhodia
1190 2822 1264 2869 una

194 2917 298 3000 capta
309 2898 537 2972 memorabili
548 2924 643 2970 casu.
659 2903 763 2989 Nam,
775 2926 890 2998 quum
901 2919 1019 2976 rostro
1031 2909 1264 3003 percussisset

196 3013 379 3085 Sidoniam
406 3032 551 3093 navem,
573 3034 724 3090 ancora,
748 3012 822 3083 ictu
853 3013 932 3110 ipso
960 3038 1107 3086 excussa
1129 3040 1262 3089 enare

118 3129 122 3138 ’
195 3148 276 3210 sua,
293 3145 389 3194 uueo
407 3117 537 3203 dente,
551 3117 650 3189 velut
665 3142 777 3189 manu
790 3118 909 3192 ferrea
920 3123 1052 3218 injecta
1060 3120 1091 3211 ⁶,
1105 3123 1261 3223 alligavit

194 3234 339 3305 alterius
358 3252 503 3328 proram
521 3255 528 3296 :
549 3226 633 3298 iude
651 3228 812 3299 tumultu
830 3231 985 3325 injecto,
1005 3257 1133 3329 quum,
1147 3233 1261 3308 divel-

193 3345 266 3416 lere
276 3366 313 3412 se
320 3339 366 3412 ab
378 3338 481 3410 hoste
489 3337 693 3434 cupientes,
709 3337 1055 3412 inhiberentRhodii
1064 3353 1091 3427 t,
1104 3358 1260 3417 tractum

193 3582 382 3628 concurrerem
403 3568 478 3617 Dralt.
492 3568 535 3632 qui
553 3578 634 3615 umen
651 3567 703 3614 vul·
747 3584 853 3630 quarum
877 3571 945 3618 XIII
963 3583 1043 3635 oaptae
1052 3590 1063 3629 ,·
1085 3573 1119 3622 ita
1141 3586 1166 3623 et
1192 3575 1261 3640 apud

193 3664 274 3718 gutum
288 3667 340 3698 non
358 3648 521 3713 improbabat.
535 3673 569 3682 —
586 3646 704 3709 Obliquas
748 3647 869 3711 Appiam,
882 3648 924 3695 sed
935 3651 1010 3698 LXII
1018 3650 1080 3698 infra
1090 3653 1144 3711 XL,
1155 3654 1259 3703 ὅππη.

191 3750 217 3781 se
235 3733 294 3797 ipsoe
314 3728 351 3777 ad
365 3727 426 3774 icens
442 3726 600 3791 praebebant,
617 3725 640 3785 ἐς
656 3723 703 3784 τὰς
737 3723 791 3772 'ubi
803 3726 885 3790 itaquo
900 3727 948 3791 leg.
960 3741 1041 3792 caproe
1053 3731 1132 3788 XIII,
1146 3733 1195 3780 nisi
1208 3749 1260 3782 m.

192 3805 318 3869 ἐπωτίδας
336 3808 470 3859 Ιτὺπτοντο
493 3805 534 3870 (h.
548 3822 569 3852 e.
582 3807 702 3870 percutie-
745 3805 777 3852 lis
792 3807 867 3853 XLII
874 3841 882 3864 ,
905 3819 933 3856 ut
947 3821 1027 3872 capeae
1044 3809 1260 3862 dicenturnam

190 3891 280 3938 bantur
302 3888 388 3935 rostris
408 3887 534 3935 boatssium
553 3885 653 3935 navium
670 3886 702 3933 ab
746 3885 953 3943 nrres‚hostibus
965 3898 1131 3953 ampliemur
1140 3892 1259 3955 magisrd

184 3956 380 4033 'utroqueprorae
389 3967 475 4024 latere,
488 3959 702 4028 undeteotatu,
745 3965 844 4014 landem
860 3965 952 4013 AEmilii
970 3967 1122 4032 perumbrt,
1138 3970 1257 4030 majorem

189 4048 270 4098 trebes
284 4047 404 4096 tabulaeve
416 4046 546 4095 crassiores
558 4047 652 4092 surium
663 4046 701 4092 in·
745 4044 844 4104 barum,
858 4061 929 4109 qnam
939 4048 1057 4095 minorem
1068 4047 1162 4097 illerum
1174 4065 1259 4100 nume·

189 4141 237 4178 star
247 4128 419 4193 prominebant
426 4125 458 4174 ad
467 4123 602 4173 eludendos
611 4135 701 4171 rostro.
744 4135 798 4172 mm
814 4125 840 4170 in
856 4123 997 4190 triumpbrli
1015 4126 1104 4175 tabella
1118 4133 1257 4179 mcmonri.

188 4225 242 4258 rum
252 4204 325 4272 ictus)
333 4207 443 4272 Appian.
454 4206 470 4252 1.
482 4201 555 4251 trid.
563 4202 699 4266 Schweigb.
743 4229 779 4238 -
789 4203 931 4250 Vulneratoe
943 4203 1056 4269 aliquor,·
1070 4206 1128 4254 vido
1140 4223 1214 4274 snpra
1225 4210 1258 4258 ad

224 4297 248 4346 4.
263 4286 369 4336 Sublatis
386 4283 476 4348 raptim
495 4281 636 4338 dolonibus,
649 4293 697 4332 etc.
744 4299 798 4347 cap.
813 4289 860 4340 αι,
874 4283 934 4331 n.6.

186 4368 238 4416 vid.
252 4365 380 4421 XXXVI,
391 4371 438 4419 44,
449 4377 474 4410 n.
488 4377 512 4410 ι.
778 4363 803 4409 6.
815 4362 886 4409 Velut
896 4360 1062 4426 manrrserm
1070 4363 1178 4428 injecta,-
1198 4366 1256 4414 vide

223 4448 247 4495 5.
260 4445 336 4494 XLI!
345 4440 445 4488 navibus
459 4439 484 4487 in
494 4455 523 4486 oa
531 4456 618 4504 pregna
629 4441 700 4488 amis·
744 4440 775 4488 ad
788 4441 892 4496 XXIV,
906 4440 952 4497 34,
966 4456 991 4488 n.
1006 4443 1031 4490 6.

187 4526 218 4574 sis
237 4519 419 4590 (XXIernd
437 4519 541 4583 Appirn.
559 4519 614 4583 Syr.
630 4535 661 4580 ²7
672 4519 697 4581 ),
758 4540 760 4545 ·
780 4537 802 4580 7.
812 4518 952 4568 Inliberent
964 4519 1070 4577 Rhodii,
1085 4521 1254 4585 prohiberent.
