2722 5040
24 39 1269 339 u

148 792 194 873 34
513 872 517 881 ,
576 784 777 853 ruvo
1070 769 1192 869 etet

144 943 161 978 α
174 904 462 992 ostendendum,
479 928 527 975 an
547 904 662 975 muris
680 903 831 1001 alicujus
851 905 954 979 urbis
971 905 1216 979 obsidendum

143 1054 161 1090 a
175 1046 253 1094 sese
278 1015 489 1089 incluserit?
514 1013 584 1085 Sed
612 1032 732 1112 neque
762 1015 985 1089 Antiochum
1014 1014 1218 1088 tuebuntur

144 1163 162 1199 α
176 1129 370 1229 angustie,
389 1149 457 1197 nec
483 1123 620 1195 AEtolos
644 1126 797 1197 vertices
821 1125 893 1215 illi,
913 1151 1008 1223 quos
1026 1141 1214 1226 ceperunt.

143 1243 266 1315 «Satis
286 1237 450 1333 undique
471 1235 656 1332 provisum
682 1248 792 1333 atque
811 1250 1032 1333 praecautum
1054 1250 1108 1308 est
1117 1231 1147 1323 ⁶,
1169 1238 1217 1308 rie

145 1350 265 1450 «quid
284 1347 453 1422 adversus
469 1368 534 1415 vos
552 1346 729 1443 inpugna
748 1360 877 1444 preter
900 1346 1023 1419 hostes
1044 1361 1150 1420 esset.
1171 1347 1217 1418 Il·

143 1462 236 1534 «lud
260 1480 467 1559 proponere
492 1455 614 1526 animo
637 1470 758 1527 vestro
784 1453 945 1545 debetis,
969 1481 1047 1528 uon
1065 1481 1132 1529 vos
1149 1480 1219 1554 pro

144 1605 161 1639 (ι
176 1572 321 1643 Groeciae
352 1567 518 1639 libertate
550 1577 693 1636 tautum
723 1564 894 1639 dimicare
919 1567 1157 1665 (quanquam
1188 1567 1220 1636 is

144 1713 161 1748 α
176 1703 326 1779 quoque
344 1677 509 1775 egregius
528 1674 656 1746 titulus
672 1690 785 1765 esset,
807 1674 996 1749 liberatam
1014 1703 1035 1750 a
1052 1678 1220 1774 Philippo

143 1822 161 1858 ι
175 1805 278 1878 ante,
295 1813 395 1861 nuuc
413 1786 458 1859 ab
476 1784 601 1857 AEtolis
618 1800 654 1856 et
672 1785 719 1858 ab
738 1787 919 1859 Antiocho
937 1787 1138 1887 liberare),
1158 1811 1220 1858 ue·

144 1926 249 2000 «que
276 1925 318 1972 ea
345 1913 486 1970 tautum
510 1899 548 1966 in
571 1899 758 1995 praemium
776 1912 937 1970 vestrum
957 1925 1121 1989 cessura,
1139 1931 1220 2002 qum

144 2043 161 2077 «
175 2036 274 2084 nunc
287 2011 325 2081 in
337 2009 445 2108 regiis
458 2007 583 2078 castris
597 2022 701 2095 suut,
716 2009 780 2082 sed
793 2008 895 2082 illum
910 2035 1059 2110 quoque
1071 2037 1220 2089 omnem

146 2155 163 2191 «
176 2135 408 2227 apparatum,
421 2119 485 2215 qui
498 2118 535 2187 iu
546 2116 622 2189 dies
632 2117 678 2188 ab
687 2119 831 2217 Epheso
842 2135 1081 2219 exspectatur,
1092 2125 1223 2222 praedae

146 2266 163 2300 «
177 2231 364 2316 futurum;
382 2231 502 2301 Asiam
523 2227 655 2301 deiude
674 2231 886 2327 Syriamque
905 2245 941 2302 et
962 2233 1084 2303 omnia
1104 2258 1222 2332 usque

146 2343 223 2416 «ad
240 2357 342 2414 ortus
359 2340 444 2411 solis
459 2339 633 2410 ditissima
648 2364 760 2436 regna
777 2342 932 2439 imperio
950 2367 1105 2414 romano
1120 2369 1222 2443 aper·

146 2486 163 2521 «
177 2470 280 2526 turos
290 2465 317 2520 ⁷.
329 2450 427 2543 Quid
440 2448 571 2522 deiude
585 2448 717 2537 aberit,
732 2452 822 2547 quin
837 2450 883 2523 ab
895 2451 1057 2524 Gadibus
1069 2451 1114 2524 ad
1124 2478 1223 2527 marc

148 2596 164 2630 «
179 2563 347 2636 Rubrum
357 2567 504 2634 Oceano
516 2557 608 2631 fines
623 2563 877 2651 terminemus,
892 2565 956 2660 qui
970 2562 1099 2635 orbem
1111 2579 1223 2637 terra-

147 2699 259 2749 «rum
275 2673 444 2771 amplexu
459 2669 559 2758 linit,
574 2686 610 2743 et
624 2697 733 2744 omne
752 2671 953 2745 humanum
967 2698 1082 2772 genus
1096 2699 1223 2747 secun·

148 2816 166 2850 a
179 2784 268 2857 dum
282 2783 371 2855 deos
385 2805 520 2853 nomeu
537 2806 729 2854 romanum
743 2786 962 2855 veneretur?
976 2788 1019 2854 In
1033 2783 1110 2856 baec
1122 2798 1222 2857 tanta

148 2924 165 2959 «
179 2895 325 2993 praemia
340 2891 469 2989 dignos
485 2906 607 2989 parate
624 2894 784 2981 animos,
804 2908 846 2964 ut
862 2895 1018 2966 crastino
1032 2894 1110 2986 die,
1126 2883 1224 2969 berie

150 3002 390 3101 «juvantibus
406 3000 492 3087 diis,
513 3003 589 3073 acie
608 3000 856 3074 decernamus.
872 3035 889 3069 »

197 3119 327 3187 XVIII.
347 3112 403 3184 Ab
417 3112 486 3184 hac
498 3114 676 3184 concione
691 3113 827 3185 dimissi
840 3113 993 3203 milites,
1008 3117 1222 3215 priusquam

151 3249 305 3325 corpora
320 3238 510 3312 curarent,
528 3247 626 3293 arma
643 3222 788 3322 telaque
800 3234 964 3322 paraut1.
979 3228 1076 3297 Luce
1088 3227 1224 3324 prima,

83 3385 86 3391 ·
152 3339 254 3434 signo
274 3359 405 3433 pugnae
431 3335 638 3432 proposito,
666 3335 811 3405 instruit
836 3335 950 3405 aciem
975 3334 1102 3406 consul
1124 3348 1223 3406 arcta

187 3587 213 3633 6.
224 3582 349 3632 Provisum
357 3594 433 3648 atque
441 3593 597 3648 precantum
607 3581 663 3630 cod.
707 3593 779 3637 mnu
793 3580 852 3631 vide
863 3581 932 3640 cdl,
948 3581 997 3640 43,
1009 3596 1036 3628 n.
1052 3589 1077 3637 4.
1097 3580 1139 3629 Ad
1152 3598 1223 3646 seqq.

152 3667 220 3729 Meg.
239 3675 264 3712 et
280 3666 381 3712 Gnertn.
395 3673 500 3727 anteque
509 3673 664 3727 praecautum
708 3661 1020 3727 coui.Appim.Syr.18,
1033 3662 1077 3724 qui
1093 3662 1120 3708 In
1135 3661 1223 3710 dextro

154 3744 241 3809 reliqui
254 3743 317 3791 MSS
332 3754 357 3790 et
373 3741 431 3791 edd.
441 3753 498 3790 aute
510 3743 580 3805 Meg.
595 3744 666 3789 Forte
710 3741 810 3804 quIdem
821 3740 884 3806 regis
898 3755 977 3788 comu
985 3741 1146 3801 jaculatores,
1156 3742 1183 3789 in
1193 3742 1224 3789 si-

152 3824 258 3875 rectius.
272 3820 329 3885 quia
340 3821 519 3879 lucilianum,
532 3837 605 3885 quam
617 3820 665 3868 boc
708 3820 786 3868 nistro
807 3820 952 3885 elephantos
972 3819 1034 3867 dicit
1052 3821 1158 3884 positor.
1174 3821 1223 3869 Sed

153 3899 410 3952 alibrariissubstimi
422 3910 527 3964 potarat.
550 3899 623 3948 eone.
634 3899 665 3946 ad
708 3898 745 3947 ibi
764 3899 903 3964 Schweigh.
925 3899 1080 3963 suspicatur,
1098 3899 1174 3946 verba
1198 3901 1222 3950 Ie

155 3984 208 4040 tx,
220 3981 251 4028 23
262 4015 269 4038 ,
282 3996 308 4029 n.
321 3995 344 4026 ι.
710 3978 828 4047 &proripit
845 3979 932 4042 iniquo
950 3978 1007 4026 loco
1024 3979 1114 4026 inserta
1132 3988 1157 4025 et
1176 3996 1223 4043 pro

192 4079 216 4122 7.
227 4061 308 4125 Regna
318 4057 419 4123 imperio
429 4072 587 4106 romanorun
596 4072 668 4121 aper·
709 4057 832 4122 precedd
846 4056 887 4109 leri
898 4051 986 4122 διξιὰ,
998 4074 1054 4122 quae
1069 4057 1224 4107 hauddubie

155 4136 666 4202 turonridempnudXXX,26,n.3.
711 4137 850 4185 inducenda
869 4137 940 4197 siut,
967 4136 1136 4185 substituenda
1162 4154 1223 4185 esse.

157 4217 284 4283 Aperturis
297 4217 363 4277 conj.
378 4218 456 4265 Grou.
469 4226 497 4264 ut
508 4217 625 4264 referatur
635 4216 668 4265 ad
711 4216 780 4266 Idem
793 4227 894 4275 mouet,
912 4215 1024 4275 consuli,
1035 4215 1182 4264 aThcsulia
1191 4217 1223 4264 ud

154 4314 242 4364 preco.
258 4296 284 4343 in
294 4296 422 4359 proemium
437 4306 544 4344 vantem
557 4311 663 4344 cessura.
711 4294 889 4361 'I'hermopylus
903 4293 1059 4352 advenienti,
1069 4294 1101 4342 ad
1112 4295 1224 4344 dextrum

157 4405 191 4413 -
204 4375 264 4423 Acie
280 4375 454 4431 decernamus,·
467 4372 524 4421 vide
542 4389 614 4439 supra
634 4373 667 4421 nd
710 4384 820 4432 montet,
847 4373 880 4421 ad
899 4374 1022 4422 sinistram
1045 4389 1110 4421 mare
1132 4374 1223 4431 fuisse,

157 4457 236 4512 m,
250 4462 293 4509 41.
304 4469 331 4500 u·
342 4469 366 4501 a.
710 4453 835 4503 Antiocho
851 4464 947 4513 autem,
965 4452 1082 4505 chilctde
1099 4455 1222 4507 veniend,

193 4534 257 4581 Cir.
270 4533 366 4580 xvm.
381 4548 403 4578 ι.
419 4534 497 4580 Arma
510 4531 607 4596 telaque
617 4548 665 4596 po·
710 4531 1093 4594 montenadsinistnmmuend
1102 4533 1224 4581 dextram.
