2722 5040
157 843 287 946 aaa:
364 861 514 962 manga
542 837 985 938 armamaxas
1124 867 1193 966 357

130 1003 201 1076 tes,
215 988 375 1059 recitatae
391 1002 485 1059 sunt.
500 991 538 1060 C.
553 991 713 1079 Atinius,
727 993 792 1088 qui
804 989 954 1062 biennio
967 1005 1051 1062 ante
1063 1006 1196 1088 praetor

130 1100 167 1168 in
190 1121 272 1168 eam
293 1098 516 1196 pmvinciam
536 1099 720 1197 profectus
741 1115 838 1187 erat,
859 1125 941 1172 cum
963 1102 1141 1172 Lusitanis
1157 1103 1196 1172 in

129 1230 216 1305 agro
239 1207 404 1280 Astensi²
428 1209 539 1305 signis
559 1209 697 1282 collatis
718 1206 901 1308 pugnavit.
925 1209 981 1281 Ad
1002 1219 1064 1282 sex
1085 1210 1196 1282 millia

130 1317 290 1390 hostium
304 1334 389 1391 sunt
401 1344 504 1392 caesa:
521 1322 638 1392 caeteri
651 1319 736 1409 fusi,
750 1319 862 1420 fugati
874 1321 1071 1418 castrisque
1083 1322 1194 1393 exuti.

129 1426 185 1501 Ad
211 1428 390 1528 oppidum
416 1428 547 1502 deinde
574 1419 696 1508 Astam
725 1430 1012 1528 oppugnandum
1037 1429 1197 1527 legiones

130 1537 250 1610 ducit:
266 1538 303 1610 id
317 1564 466 1638 quoque
479 1536 578 1610 haud
592 1539 708 1611 multo
722 1541 858 1637 majore
872 1541 1067 1612 certamine
1083 1541 1195 1639 cepit,

130 1673 242 1747 quam
258 1663 393 1738 castra3
418 1649 498 1736 sed,
517 1649 604 1720 dum
628 1651 805 1722 incautius
827 1649 924 1723 subit
943 1677 1085 1738 muros,
1104 1651 1197 1723 ictus

130 1784 174 1831 ex
188 1759 340 1832 vulnere
356 1774 439 1858 post
453 1760 528 1832 dies
542 1785 676 1858 paucos
692 1761 856 1832 moritur.
875 1763 1004 1833 Literis
1020 1760 1066 1832 de
1080 1775 1197 1833 morte

129 1871 362 1969 propraetoris
376 1872 552 1958 recitatis,
568 1885 714 1943 senatus
728 1872 866 1942 censuit
882 1870 1119 1959 mittendum,
1131 1872 1204 1970 qui-

129 1976 175 2049 ad
191 1983 302 2051 Lunae
318 1994 465 2076 portum
481 1984 521 2051 C,
539 1978 775 2078 Calpurnium
789 1993 979 2078 praetorem
994 2005 1196 2078 conseque·

129 2100 249 2176 retur,
277 2089 557 2186 nuntiaretque,
584 2104 749 2160 senatum
780 2113 924 2186 aequum
954 2114 1123 2174 censere,
1148 2114 1196 2161 ne

129 2198 207 2268 sine
222 2198 375 2296 imperio
388 2200 573 2296 provincia
588 2212 680 2270 esset
691 2253 701 2286 ,
713 2214 894 2270 maturare
908 2223 992 2270 eum
1006 2198 1193 2297 proficisci.
1302 2237 1305 2243 ,

129 2311 270 2400 Quarto
294 2305 373 2395 die,
400 2311 464 2407 qui
492 2310 621 2382 missus
643 2324 739 2399 erat,
767 2314 907 2381 Lunam
937 2311 1046 2380 venit.
1073 2312 1196 2382 Paucis

130 2436 214 2490 ante
230 2417 360 2490 diebus
373 2419 589 2516 Calpurnius
605 2418 790 2519 profectus
805 2432 893 2490 erat.
912 2424 957 2491 Et
975 2420 1013 2489 in
1030 2420 1195 2494 citeriore

128 2530 299 2628 Hispania
317 2535 357 2602 L.
375 2531 531 2602 Manlius
547 2530 740 2617 Acidinus,
766 2531 830 2628 qui
853 2528 982 2602 eodem
1006 2544 1194 2628 tempore,

129 2663 205 2737 quo
224 2641 263 2710 C.
286 2640 447 2729 Atinius,
466 2642 506 2711 in
524 2642 748 2738 provinciam
769 2643 880 2727 ierat,
902 2665 985 2712 eum
1006 2639 1196 2714 Celtiberis

128 2750 204 2820 acie
231 2747 426 2822 conflixit3.
456 2755 598 2823 Incerta
623 2753 772 2823 victoria
799 2750 994 2823 discessum
1021 2765 1095 2841 est,
1125 2753 1195 2825 nisi

129 2859 229 2957 quod
248 2859 420 2932 Celtiberi
438 2877 552 2933 castra
570 2861 655 2933 inde
675 2851 783 2934 nocte
802 2864 967 2959 proxima
986 2876 1194 2951 movemnt3

128 2972 299 3042 Romanis
317 2986 353 3043 et
372 2996 456 3044 suos
474 2971 693 3069 sepeliendi,
710 2987 746 3043 et
768 2972 881 3069 spolia
902 2972 1045 3068 legendi
1064 2997 1108 3044 ex
1127 2971 1193 3042 ho-

128 3078 244 3152 stibus
266 3096 425 3179 potestas
452 3081 545 3156 facta
569 3096 635 3154 est.
665 3086 801 3155 Paucos
826 3097 909 3186 post
934 3083 1031 3169 dies,
1055 3082 1193 3177 majore

129 3204 254 3261 coacto
271 3194 451 3279 exercitu,
465 3190 635 3264 Celtiberi
650 3191 693 3262 ad
711 3192 931 3290 Calagurrim
947 3190 1125 3288 oppidum
1141 3189 1193 3261 ul·

127 3315 185 3370 tro
201 3299 456 3372 lacessiverunt
469 3301 592 3400 praelio
608 3306 800 3373 Romanos.
817 3300 916 3372 Nihil
933 3291 1096 3388 traditur,
1112 3325 1193 3396 quae

126 3434 231 3481 causa
251 3436 403 3483 numero
425 3426 531 3483 aucto
549 3410 767 3484 infirmiores
787 3436 849 3483 eos
870 3409 995 3483 fecerit
1010 3438 1018 3479 ε
1035 3412 1194 3506 superati

127 3519 249 3619 pretio
262 3536 370 3594 sunt:
387 3519 433 3594 ad
448 3520 642 3596 duodecim
658 3521 766 3593 millia
782 3520 973 3593 hominum
991 3543 1095 3604 casa,
1111 3518 1193 3617 plus

161 3722 188 3754 a.
204 3708 234 3753 In
257 3723 318 3772 agro
338 3707 474 3756 Aeterni...
498 3705 536 3754 ad
549 3708 636 3754 Asmm
679 3718 805 3754 maturare
814 3703 939 3773 proficisci
953 3719 1000 3766 pru
1017 3703 1044 3755 ri
1057 3701 1193 3768 simplicius

125 3801 181 3850 opp.
191 3785 260 3850 llirp.
271 3786 343 3845 liet..
355 3785 486 3834 odoarium
497 3785 569 3833 betis
581 3801 635 3850 sup.
679 3797 818 3842 mamre,
835 3782 885 3831 vid.
899 3783 1010 3830 Gronov.
1029 3781 1072 3845 qul
1086 3780 1148 3828 infra
1160 3779 1192 3830 ad

126 3864 219 3922 Gades,
228 3863 287 3914 bod
299 3865 380 3913 loram
393 3865 472 3912 Xercz
482 3864 548 3911 della
559 3865 634 3910 Fron·
678 3880 734 3929 cap.
754 3864 787 3920 45
795 3897 803 3920 ,
816 3863 832 3928 S
854 3863 868 3910 ⁵
876 3895 883 3919 ,
903 3860 952 3910 boc
971 3857 1087 3927 probavit
1098 3869 1122 3912 et
1139 3859 1194 3909 illu·

125 3942 217 3991 temd
223 3943 361 3992 Guadalete
369 3941 409 4003 fl.;
419 3942 468 3990 vid.
478 3942 538 3990 Mel.
550 3944 599 4003 111,
611 3958 635 4006 ¹3
678 3942 772 3991 stravit.
783 3944 828 3992 Eo.

125 4022 634 4088 Ptol.11‚4;rlin.111,1numnam
713 4023 739 4074 3.
759 4020 818 4071 Cum
840 4019 962 4072 Celtiberis
986 4019 1040 4067 acio
1061 4018 1188 4087 corrflrlrit:

127 4100 225 4149 Oscensi
243 4101 300 4150 cod.
317 4104 431 4166 Moguut.
453 4103 540 4149 Orcum
561 4101 632 4164 Hisp.
678 4099 718 4148 bic
731 4100 801 4153 locus
810 4097 929 4158 ostendit,
943 4097 1079 4151 Celtiberos
1092 4100 1117 4146 in
1131 4099 1190 4147 cite·

124 4179 220 4228 Btticae
236 4179 301 4228 ltrud
314 4179 388 4244 longe
401 4180 432 4227 ab
444 4182 504 4228 Asta
517 4189 633 4228 remotam
677 4178 741 4226 riore
758 4178 874 4243 Hispania
894 4193 961 4237 ease,
977 4178 1019 4244 qni
1040 4189 1118 4226 temen
1133 4191 1191 4229 sunt

124 4257 212 4315 suine,
225 4274 257 4307 ex
269 4260 332 4308 Ptol.
351 4263 385 4317 ll,
401 4268 415 4316 4
432 4269 545 4317 commu
557 4257 632 4314 nni,
677 4269 743 4310 tnnc
753 4257 863 4317 lberum;
874 4256 987 4307 Glarean.
997 4258 1122 4322 Hispania
1134 4258 1191 4304 cite

124 4337 198 4386 Coul.
210 4338 242 4386 ad
254 4339 378 4394 xxm,
390 4354 434 4396 ro,
442 4355 468 4391 n.
481 4338 633 4393 2.-Lunae,
678 4337 736 4383 rlori
746 4337 905 4404 ulteriorique
914 4335 1003 4385 limites
1010 4334 1085 4385 modo
1091 4333 1191 4399 emptio

124 4416 478 4482 Tmcioeinconllnioliguriae
486 4416 634 4483 oppidillu.
679 4431 728 4473 rea,
745 4417 820 4466 modo
839 4417 1004 4482 mgis-riores,
1019 4432 1066 4480 pro
1083 4415 1189 4462 variante

124 4497 290 4544 -trannare
298 4497 495 4566 eumpmficisci,
509 4496 534 4544 h.
547 4512 568 4544 e.
579 4511 634 4547 eum
679 4495 757 4565 gentis
771 4497 881 4561 potentia
896 4506 921 4543 et
939 4496 1035 4542 fortuna
1046 4530 1054 4554 ,
1065 4491 1188 4553 esslgmn·

123 4575 258 4624 accelerare
278 4575 332 4629 iter,
352 4576 389 4624 De
406 4575 523 4648 loquendi
548 4590 635 4638 genere
679 4584 728 4627 tur.
750 4602 783 4612 -
806 4573 973 4648 Calagurrim,
988 4571 1028 4620 alii
1042 4566 1192 4646 Calagurim.
