2722 5040
116 827 246 930 ἓξὲξ
277 849 371 916 uin.
394 847 610 915 xxxvui.
638 845 743 913 cir.
771 846 883 912 Lvu.
907 846 1041 915 Lvur.
1088 844 1158 942 309

90 969 276 1067 nupserit3
301 992 349 1039 an
373 991 466 1039 verae
492 963 560 1036 illae
589 964 781 1060 opiniones
806 965 900 1053 sint,
929 967 1157 1058 Gracchum,

90 1103 207 1177 quum
223 1082 264 1151 L.
287 1079 406 1176 Scipio
430 1078 469 1148 in
489 1073 629 1145 vincula
648 1071 860 1161 duceretur,
881 1099 949 1147 nec
965 1078 1158 1174 quisquam

90 1190 312 1288 collegarum
326 1188 460 1261 auxilio
472 1200 565 1259 esset
575 1238 585 1273 ,
596 1185 756 1280 jurasse,
770 1184 849 1256 Sibi
859 1191 1063 1259 inimicitias
1075 1213 1158 1263 curi

89 1301 337 1400 Scipionibus,
369 1324 455 1399 quoe
471 1302 648 1391 fuissent,
680 1322 843 1385 manere,
872 1323 938 1371 nec
965 1324 1005 1370 se
1029 1307 1160 1397 gratioe

88 1409 302 1508 qucerendoe
317 1431 430 1481 causa
448 1409 806 1506 quidquamfccere3
823 1409 891 1480 sed
905 1415 943 1481 in
961 1436 1069 1508 quem
1084 1438 1160 1485 car·

89 1545 208 1593 cerem
224 1545 324 1616 reges
344 1536 381 1593 et
398 1526 630 1618 imperatores
653 1518 810 1590 bostium
835 1519 1024 1594 ducentem
1046 1524 1160 1597 cillu-

87 1647 143 1705 εει
159 1638 205 1705 Ρ.
223 1632 465 1723 Africanum,
491 1635 529 1700 in
553 1654 636 1700 eum
653 1630 858 1719 sefiotrem
875 1632 952 1724 ejus
975 1631 1062 1705 duci
1084 1656 1158 1703 non

79 1765 293 1840 passurum.
319 1744 513 1827 Senatum,
538 1764 583 1810 eo
607 1739 666 1812 die
690 1736 785 1812 forte
808 1755 1014 1813 coenantem
1034 1743 1073 1812 in
1093 1747 1159 1815 Ca·

88 1851 241 1950 pitolio,
270 1851 558 1937 consurrexisse,
585 1864 622 1927 et
648 1851 778 1947 petisse
791 1847 820 1935 ³,
844 1865 885 1922 ut
911 1854 1005 1924 inter
1032 1854 1158 1951 epulas

90 1959 258 2036 Graccho
275 1958 385 2032 filiam
403 1957 592 2032 Africanus
608 1958 872 2057 desponderet:
893 1961 1026 2060 quibus
1041 1966 1090 2035 ita
1103 1967 1158 2037 in·

89 2083 148 2145 ter
159 2068 349 2169 publicum
363 2069 513 2142 solenne
529 2069 758 2166 sponsalibus
773 2071 840 2143 rite
856 2069 973 2161 factis,
990 2098 1103 2170 quum
1120 2099 1158 2147 se

88 2177 241 2252 domum
259 2180 473 2277 recepisset,
493 2180 699 2277 Scipionem
716 2180 862 2255 AEmiliae
880 2184 988 2254 uxori
1005 2182 1158 2273 dixisse,

87 2286 200 2363 filiam
217 2312 257 2363 se
275 2291 455 2363 minorem
473 2288 721 2388 despondisse.
738 2293 861 2381 Quum
877 2291 956 2381 illa,
972 2291 1158 2367 muliebri·

87 2413 145 2471 ter
160 2399 452 2497 indignabunda,
472 2400 562 2473 nihil
578 2400 625 2473 de
642 2402 829 2473 communi
843 2399 916 2473 filia
931 2426 1053 2475 secum
1072 2428 1157 2478 con·

86 2510 282 2601 sulcatum,
307 2513 516 2609 adjecisset,
542 2537 640 2600 non,
667 2514 697 2584 si
726 2514 779 2584 Ti.
812 2513 1001 2586 Graccbo⁴
1032 2515 1155 2602 daret,

87 2635 275 2720 expertem
294 2623 434 2697 consilii
458 2621 627 2696 debuisse
650 2637 803 2719 matrem
822 2648 919 2712 esse;
940 2624 1061 2697 laetum
1080 2627 1153 2697 Sci·

85 2733 234 2829 pionem
244 2747 317 2807 tam
330 2733 503 2806 concordi
513 2733 670 2828 judicio,
683 2735 751 2830 ipsi
762 2731 995 2831 desponsam,
1010 2759 1156 2832 respon·

86 2841 191 2916 disse.
212 2849 294 2916 Haee
312 2842 358 2914 de
378 2859 478 2915 tanto
496 2845 594 2931 viro,
618 2869 828 2942 quanquam
848 2860 884 2916 et
901 2844 1155 2943 opinionibus,

85 2967 123 3024 et
134 2955 368 3026 monimentis
381 2953 567 3027 literarum
578 2956 773 3041 variarent,
787 2954 1027 3053 proponenda
1038 2971 1150 3027 erant.

131 3068 258 3137 LVIII.
272 3063 418 3137 Iudiciis
433 3068 511 3156 aQ.
524 3066 694 3137 Terentio
710 3079 863 3163 praetore
878 3062 1065 3161 perfectis,
1080 3069 1152 3136 Ho-

84 3172 199 3246 stilius
215 3188 252 3246 et
267 3174 395 3247 Furius
413 3173 573 3246 damnati
590 3174 727 3273 praedes
744 3174 872 3247 eodem
892 3173 971 3245 die¹
993 3187 1150 3270 quaesto·

83 3282 185 3357 ribus
207 3283 356 3357 urbanis
381 3285 572 3359 dederunt.
600 3286 741 3384 Scipio,
761 3309 875 3382 quum
895 3282 1151 3372 contenderet,

84 3417 252 3482 omnem,
273 3420 381 3492 quam
404 3396 618 3494 accepisset,
639 3397 831 3494 pecuniam
853 3395 891 3463 in
909 3393 1034 3464 serario
1054 3417 1150 3474 esse,

83 3527 151 3577 nec
169 3529 207 3578 se
225 3504 424 3603 quidquam
444 3506 583 3605 publici
599 3504 750 3591 babere,
774 3506 810 3574 in
829 3503 973 3574 vincula
994 3502 1078 3575 duci
1095 3519 1148 3575 est

118 3784 144 3832 3.
161 3774 356 3847 Consumsere,
377 3788 520 3854 repetiisse,
543 3797 589 3836 etc.
634 3786 682 3834 cbo
705 3783 885 3849 desponderet3
913 3782 987 3830 Drak.
1009 3783 1146 3833 Comelirm

81 3861 153 3912 (hul.
162 3865 215 3914 Cle.
225 3867 257 3916 ad
265 3868 322 3917 Div.
332 3870 380 3927 IV,
392 3878 417 3925 4.
633 3865 732 3914 virtutls
744 3879 814 3913 causa
827 3862 939 3913 Graccho
951 3862 1086 3928 phenices,
1101 3875 1148 3913 tra·

117 3951 142 3999 l·
152 3945 309 4003 Nonnisi.
322 3946 433 3997 Graccho
444 3947 528 4002 daec,
541 3958 588 3995 ete.
634 3942 869 3994 narraremus
889 3959 946 4007 pag.
967 3944 1027 4000 824.
1043 3970 1077 3980 -
1094 3946 1146 4007 Ipsi

81 4021 177 4070 vidend
191 4025 223 4083 V,
235 4025 265 4072 51
278 4061 285 4085 ,
298 4042 323 4075 u.
336 4042 357 4074 1.
366 4027 426 4074 Ideo
437 4027 532 4075 AEmilia
541 4043 591 4074 me·
634 4024 778 4087 desponsam
782 4057 790 4080 ,
799 4022 956 4086 respondisse.
966 4023 1051 4070 Libros
1062 4039 1147 4073 omnes

80 4100 151 4150 minii
163 4103 281 4160 uncchi,
299 4107 386 4154 merito
397 4122 443 4153 sno
455 4105 591 4153 inimicissi·
634 4113 736 4151 testatur
745 4101 824 4150 Gebb.
836 4102 948 4166 praeserre
957 4114 981 4150 et
990 4102 1037 4167 ipsi
1046 4103 1146 4167 despon·

80 4180 128 4236 ml.
141 4184 208 4246 quod
222 4200 252 4231 eo
262 4195 371 4250 tempore
381 4186 515 4246 juventutis
527 4201 589 4231 rom.
633 4198 697 4231 sam.
710 4182 806 4230 Delcvit
819 4193 844 4228 et
855 4182 952 4241 Gelan„
967 4194 1081 4245 tanquam
1090 4184 1146 4230 inu-

80 4263 290 4323 mamus-Imus
308 4265 385 4322 soret3
400 4265 469 4327 qussi
483 4264 589 4317 diceret.
633 4263 677 4311 tile
700 4274 775 4325 utque
801 4263 930 4326 ingratum.
953 4262 1059 4311 Wnlcbil
1085 4279 1144 4311 vero

80 4353 131 4386 non
139 4342 290 4404 oportuisse,
304 4355 331 4391 ut
344 4345 443 4392 maritos
456 4342 487 4391 de
497 4343 589 4408 nuptiis
633 4342 736 4390 Emend.
752 4357 807 4406 pag.
824 4343 992 4395 ror.nudum
1013 4341 1075 4390 illud
1098 4342 1144 4404 ipsi

80 4423 214 4468 communis
232 4420 288 4470 filie
302 4423 476 4472 ”inconsulta
495 4433 590 4485 agmen
633 4421 736 4469 neminis
761 4421 868 4470 culmum
897 4422 994 4486 explere
1023 4420 1099 4479 dicit,
1119 4431 1143 4465 ct

79 4511 110 4545 ue
124 4509 176 4546 tum
195 4500 306 4564 qudem,
326 4505 414 4551 sium
429 4504 523 4567 optimc
540 4500 590 4549 elo-
635 4499 711 4549 scribi
721 4500 792 4560 jubet
806 4500 829 4547 ei
841 4501 893 4564 ipsi.
905 4504 952 4549 Eo.

79 4590 158 4637 caret,
169 4589 194 4626 et
207 4579 313 4646 principi
323 4582 459 4644 iuventutis
465 4582 502 4629 Ti.
514 4581 589 4629 Grec·
669 4581 731 4630 Cu.
746 4582 834 4630 LVIII.
849 4595 872 4629 r.
886 4579 984 4628 Proedcs
996 4576 1082 4625 eodem
1091 4575 1143 4629 die,
