2722 5040
149 753 219 845 492
583 752 620 818 Τ.
648 753 779 821 nrvn
1058 738 1183 854 ῢῑὲῑέζέῖ

148 871 256 959 aedes,
271 888 542 971 compararent,
558 898 639 968 quae
653 898 745 971 opus
762 889 891 944 essent.
905 878 1000 971 agro
1014 872 1209 949 dividendo

149 983 341 1080 dandoque
364 985 491 1071 iidem,
511 984 574 1079 qui
593 982 846 1072 traduxerant,
868 983 1055 1056 Cornelius
1078 1001 1115 1056 et
1138 991 1208 1057 Βε-

147 1093 230 1164 bins
257 1096 449 1192 prepositi.
473 1093 739 1166 Postulantibus
759 1110 877 1165 tamen
902 1096 1004 1193 ipsis,
1027 1096 1209 1193 quinque·

148 1203 214 1272 viri
225 1202 271 1273 ab
283 1219 408 1275 senatu
422 1202 511 1292 dati,
526 1229 683 1300 quorum
697 1230 742 1276 ex
755 1204 904 1275 consilio
918 1220 1073 1303 agerent.
1088 1210 1210 1277 Trans·

146 1327 224 1382 acta
241 1337 290 1397 re,
300 1338 413 1410 quum
423 1328 579 1384 veterem
590 1316 787 1385 exercitum
801 1321 951 1386 Romam
964 1315 1207 1405 deduxissent,

147 1423 351 1522 triumphus
371 1423 416 1496 ab
436 1440 560 1496 senatu
583 1441 636 1496 est
659 1425 833 1497 decretus.
857 1427 901 1496 Hi
921 1428 1085 1497 omniurn
1104 1429 1209 1526 primi

148 1533 249 1604 nullo
266 1534 364 1605 bello
382 1551 482 1632 gesto
501 1536 779 1634 triumpharunt.
802 1539 955 1607 Tantum
972 1537 1094 1609 hostes
1112 1537 1209 1610 ducti

147 1659 229 1714 ante
253 1643 444 1732 currum⁵;
467 1647 569 1742 quia,
594 1671 659 1717 nec
679 1646 766 1743 quid
785 1644 955 1734 ferretur,
978 1671 1097 1743 neque
1120 1647 1210 1745 quid
1248 1742 1254 1747 -

148 1751 341 1826 duceretur
374 1772 541 1854 captum,
577 1781 696 1853 neque
725 1756 813 1853 quid
842 1755 1016 1827 militibus
1043 1756 1209 1843 daretur,

148 1864 347 1961 quidquam
365 1867 401 1936 in
421 1867 612 1965 triumphis
631 1890 757 1938 eorum
776 1863 900 1937 fuerat.

195 1980 356 2047 XXXIX.
381 1976 517 2049 Eodem
538 2003 633 2049 anno
655 1979 691 2047 in
710 1977 878 2074 Hispania
902 1977 1046 2047 Fulvius
1065 1976 1210 2048 Flaccus

148 2086 340 2180 proconsul
353 2098 378 2175 ¹,
395 2090 480 2185 quia
498 2090 736 2159 successorio
755 2088 977 2186 provinciam
995 2087 1131 2159 tardius
1149 2113 1209 2159 ve-

148 2192 286 2283 niebat,
311 2196 442 2269 educto
460 2201 619 2270 exercitu
641 2225 684 2270 ex
706 2196 887 2285 hibernis,
906 2196 1113 2269 ulteriorem
1130 2198 1210 2270 Gel-

147 2301 281 2375 tiberiae
303 2331 447 2404 agrum,
474 2309 571 2381 uude
591 2308 637 2380 ad
660 2307 879 2381 deditionem
902 2319 1000 2377 non²
1018 2320 1210 2393 venerant,

148 2415 274 2486 institit
293 2434 438 2490 vastare.
460 2424 539 2511 Qua
559 2446 599 2491 re
622 2421 772 2491 irritavit
791 2419 921 2516 magis,
941 2442 1050 2513 quam
1068 2432 1209 2488 conter-

147 2528 237 2614 ruit,
253 2530 391 2602 animos
405 2531 642 2603 Barbarorum
654 2559 664 2618 ;
678 2546 734 2619 et,
748 2531 839 2601 clam
854 2530 1068 2626 comparatis
1080 2528 1208 2625 copiis,

146 2635 274 2707 saltum
293 2640 532 2726 Manlianum,
551 2664 740 2738 perquem
762 2640 995 2711 transiturum
1017 2638 1209 2706 exercitum

144 2769 333 2817 romanum
365 2753 447 2819 satis
469 2748 656 2836 sciebant,
683 2748 913 2820 obsederunt.
941 2753 981 2816 ln
1007 2747 1210 2843 Hispaniam

145 2854 353 2926 ulteriorem
380 2860 479 2929 eunti
504 2864 543 2929 L.
568 2860 752 2929 Postumio
775 2857 905 2928 Albino
928 2855 1073 2954 collegae
1099 2862 1210 2928 Grac·

146 2963 235 3036 chus
252 2966 500 3052 mandaverat,
527 2984 568 3039 ut
591 2971 635 3058 Q.
660 2966 823 3038 Fulvium
848 2968 1034 3036 certiorem
1058 2962 1209 3051 faceret,

144 3080 381 3148 Tarraconem
398 3081 594 3151 exercitum
611 3072 838 3150 adduceret3.
860 3076 920 3146 Ibi
930 3077 1063 3147 dimitti
1074 3094 1211 3148 vetera·

145 3212 228 3272 nos,
245 3189 568 3287 supplementaque
587 3188 816 3274 distribuere,
835 3203 870 3257 et
886 3187 1055 3257 ordinare
1068 3213 1210 3259 omnem

144 3386 241 3451 pondua
264 3403 397 3435 marearum
419 3389 512 3452 argenti
537 3388 654 3435 Parisien·
734 3388 798 3438 Car.
812 3386 937 3433 XXXIX.
958 3402 979 3431 1.
999 3386 1095 3434 Fulvius
1112 3388 1211 3435 Flaccus

143 3469 205 3513 sium
225 3468 274 3514 lere
287 3469 377 3524 ²23le
397 3468 466 3514 facile
481 3466 654 3514 credideritne
694 3466 831 3529 proconsul
835 3483 845 3522 ,·
855 3465 933 3513 Aldus
942 3465 1020 3513 edidit
1024 3477 1172 3530 propretor,
1187 3475 1211 3513 et

143 3562 270 3593 numerum
283 3546 331 3594 boc
345 3548 402 3594 loco
416 3563 467 3594 ease
482 3546 653 3610 depravatum,
700 3544 758 3591 iude
771 3545 857 3608 Sigon.
864 3560 913 3608 pro
920 3556 1037 3608 praetore.
1052 3547 1086 3591 At
1096 3548 1210 3609 Mogont.

143 3637 168 3675 et
184 3627 303 3674 minorem
317 3642 346 3673 eo
363 3643 435 3689 quem
448 3626 531 3675 Livius
547 3625 654 3673 dederat.
700 3623 827 3685 vulgarent
835 3640 866 3670 ex
877 3623 952 3670 unico
964 3624 1020 3670 cod.
1029 3639 1074 3670 suo
1079 3623 1214 3687 proconsul

144 3706 190 3751 Eu.
201 3732 237 3741 -
251 3708 281 3751 In
295 3722 369 3752 novas
385 3705 464 3761 cedes,
483 3706 558 3752 immo
571 3705 655 3762 sedes,·
700 3702 768 3764 quod
787 3704 912 3750 revocarit
932 3703 1006 3748 Drelr.
1024 3702 1143 3750 Caeterum
1159 3702 1208 3750 rid.

145 3785 242 3831 eraver.
634 3766 637 3773 ’
701 3783 1023 3838 xxvrrnsanern.

180 3862 206 3910 5.
224 3863 327 3909 Tantum
345 3862 423 3910 hostes
441 3863 511 3911 draca·
525 3877 583 3911 ante
601 3880 654 3910 ωιν-
737 3876 760 3906 a.
774 3859 818 3907 Ad
837 3860 986 3907 deditionem
1008 3877 1057 3906 non
1075 3871 1211 3924 renerent,

144 3957 215 3999 rum,
232 3941 274 3988 red
292 3942 353 3988 nulli
371 3944 486 3990 luerunt:
506 3945 553 3991 nisl
566 3943 656 3991 intelli·
701 3955 734 3986 ec.
746 3937 871 3987 Celtiberi.
881 3966 916 3975 —
924 3938 1019 3985 Institit
1027 3951 1145 3997 arastum
1155 3939 1212 3986 Vide

145 4036 186 4082 gae
198 4022 252 4067 XI!
260 4020 335 4066 millia
349 4022 531 4086 Ligurum,qui
544 4040 570 4069 re
586 4023 658 4071 initio
703 4017 733 4064 nd
744 4019 841 4075 XXIV,
851 4020 902 4077 ²6,
915 4034 940 4067 n·
957 4035 980 4078 7·

144 4108 198 4162 erp.
206 4097 459 4159 dedidissedicuntur,
471 4104 606 4167 improviso
613 4118 658 4166 op·
740 4100 762 4145 3.
775 4100 806 4145 Ut
817 4100 846 4160 Q.
858 4098 966 4145 Fulvium
975 4098 1100 4145 certiorem
1104 4098 1210 4162 faceret,

147 4179 236 4241 pressi3
246 4177 318 4226 Crev.
332 4182 403 4227 Forte
416 4181 462 4242 leg.
474 4181 579 4237 obsides,
593 4191 657 4227 certe
706 4180 868 4224 Tarraconem
882 4177 1014 4224 exereitum
1027 4176 1172 4233 adduceret,
1187 4175 1213 4223 id

145 4273 203 4305 mox
213 4268 249 4305 ter
259 4256 328 4319 quod
334 4272 381 4320 pro
392 4258 454 4320 quid
460 4275 470 4314 ,·
481 4260 592 4307 Gronov.
603 4260 658 4306 Ma·
703 4270 752 4313 eet,
763 4268 793 4305 ut
800 4274 856 4304 eum
863 4258 960 4317 juberet
973 4256 1109 4304 adducere:
1121 4256 1165 4303 sed
1176 4256 1212 4303 lo·

145 4336 202 4383 lim:
220 4337 277 4382 Non
291 4346 341 4381 eum
355 4334 433 4383 hostes
452 4336 520 4384 duetr'
531 4349 589 4384 ante
604 4353 658 4384 cnr·
703 4338 770 4385 cutio
782 4338 824 4385 vix
833 4338 889 4384 satis
899 4352 1007 4400 congrua
1020 4346 1044 4382 et
1055 4335 1145 4395 latinu
1156 4339 1213 4386 Cre·

141 4432 213 4470 rnm,·
228 4415 286 4478 quin
302 4431 346 4461 nec
361 4415 444 4479 quod,
463 4425 510 4463 etc.
525 4419 561 4463 De
582 4410 657 4464 simili
703 4433 753 4465 rer.
765 4445 800 4453 -
810 4416 1078 4479 SuspicaturDoering.
1088 4427 1146 4464 aute
1157 4417 1213 4463 Tar·

144 4494 268 4559 triumpho
280 4495 335 4544 vide
346 4495 377 4544 ad
387 4497 488 4552 XXXl,
501 4501 534 4556 ⁶9
543 4512 580 4559 pr.
702 4512 817 4544 raconem
837 4514 909 4545 voces
927 4497 1059 4560 quasdem,
1075 4513 1099 4545 r.
1115 4514 1136 4544 c.
1153 4511 1212 4559 opus
