2722 5040
173 804 298 909 tata:
330 829 422 899 Lm.
450 828 612 899 xxxvi.
642 828 740 898 cnr.
770 828 919 897 xxxu.
945 829 1109 899 xxxin.
1185 829 1228 927 57

151 949 366 1050 «plectendi
391 950 480 1022 hinc
506 948 707 1036 excedatis,
733 947 832 1020 nuda
855 945 961 1020 vobis
986 949 1126 1039 omnia,
1149 975 1231 1048 quae

151 1075 279 1135 «extra
293 1063 388 1151 sint,
407 1076 444 1133 et
464 1063 626 1160 exposita
643 1060 689 1132 ad
703 1084 830 1131 omnes
844 1061 936 1130 ictus
955 1083 1044 1131 esse.
1060 1090 1076 1126 >a
1096 1065 1228 1132 Assen-

152 1175 263 1245 tiente
291 1174 397 1245 omni
425 1172 604 1258 concilio,
633 1196 702 1244 nec
732 1169 925 1269 Diophane
956 1171 1051 1242 ultra
1078 1171 1229 1245 tendere

151 1309 259 1370 auso,
279 1282 486 1381 Zacynthus
505 1287 676 1356 Romanis
695 1283 860 1355 traditur.

197 1399 363 1466 XXXIII.
385 1401 453 1467 Per
476 1394 572 1467 idem
595 1410 742 1492 tempus
764 1387 962 1492 Philippus
975 1417 1062 1481 rex,
1080 1392 1229 1492 profici-

151 1520 313 1578 scentem
329 1506 518 1579 consulem
535 1504 581 1577 ad
598 1511 831 1603 Naupactum
853 1518 1110 1601 percunctatus
1123 1559 1133 1591 ,
1148 1506 1178 1574 si
1191 1527 1229 1575 se

150 1617 318 1701 interim,
337 1641 419 1713 quae
438 1614 653 1688 defecissent
672 1613 718 1686 ab
738 1616 907 1686 societate
925 1639 1095 1702 romana,
1116 1615 1227 1687 urbes

150 1725 311 1823 recipere
328 1726 460 1812 vellet,
481 1728 716 1825 permittente
733 1750 794 1813 eo,
815 1724 860 1795 ad
878 1724 1146 1796 Demetriadem
1165 1737 1226 1796 co·
1285 1766 1288 1772 ·

151 1839 227 1933 pias
249 1836 430 1924 admovit,
455 1835 553 1907 hand
576 1838 741 1933 ignarus,
759 1850 894 1933 quanta
911 1835 962 1906 ibi
978 1849 1057 1905 tum
1077 1849 1223 1932 pertur-

151 1944 249 2015 batio
267 1961 372 2017 esset.
398 1947 571 2018 Destitnti
589 1948 686 2016 enim
706 1945 752 2016 ab
772 1947 870 2016 omni
893 1970 958 2044 spe
971 1957 996 2034 ¹,
1021 1970 1137 2042 quum
1162 1946 1223 2016 dc-

150 2069 265 2127 sertos
287 2080 326 2126 sc
351 2055 396 2127 ab
424 2056 625 2146 Antiocho,
651 2080 754 2154 spem
779 2057 916 2127 nullam
939 2059 977 2127 in
1001 2058 1125 2128 AEtolis
1147 2082 1224 2129 esse

150 2181 363 2255 cernerent,
383 2166 460 2239 (lies
479 2183 678 2266 noctesque
696 2184 758 2240 aut
781 2166 938 2267 Philippi
956 2166 1071 2239 hostis
1087 2168 1223 2238 adven-

150 2290 247 2365 tum,
266 2292 329 2349 aut
350 2276 573 2371 infestiorem
592 2282 723 2365 etiam,
746 2305 821 2377 quo
842 2281 974 2376 justius
995 2280 1076 2352 irati
1097 2293 1221 2363 erant,

148 2392 394 2460 Romanorum
420 2389 688 2488 exspectabant.
714 2390 837 2462 Turba
863 2404 940 2462 erat
962 2389 1014 2460 ibi
1034 2388 1220 2460 incondita

148 2500 351 2596 regiorum,
365 2502 447 2596 qui,
459 2503 579 2599 primo
591 2502 698 2598 pauci
712 2502 750 2571 in
764 2501 931 2598 pracsidio
944 2500 1079 2586 relicti,
1095 2513 1221 2597 postea

147 2607 288 2706 plures,
307 2608 474 2708 plerique
492 2612 668 2700 inermes,
686 2636 732 2682 ex
748 2611 876 2710 praelio
894 2610 1047 2681 adverso
1061 2608 1146 2707 fuga
1159 2606 1221 2679 de·

148 2718 225 2808 lati,
244 2742 314 2793 nec
333 2723 485 2810 virium,
505 2746 573 2794 nec
590 2723 702 2793 animi
717 2723 802 2794 satis
820 2721 865 2792 ad
882 2721 1113 2793 obsidionem
1128 2719 1219 2790 tole·
1311 2744 1316 2759 t

147 2828 296 2901 randarn
315 2830 512 2903 habebant.
534 2837 663 2929 Itaque
682 2831 874 2931 praemissis
898 2855 919 2901 a
943 2830 1134 2928 Philippo,
1154 2829 1219 2925 qui

147 2964 249 3038 spem
267 2942 505 3039 impetrabilis
520 2944 636 3015 veniae
660 2941 923 3030 ostendebant,
946 2941 1219 3040 responderunt

146 3066 271 3148 patere
289 3066 413 3149 portas
428 3055 516 3150 regi.
533 3052 589 3124 Ad
608 3053 768 3150 primum
790 3052 867 3148 ejus
890 3054 1092 3150 ingressum
1115 3051 1218 3148 prin-

145 3163 269 3258 cipum
282 3164 431 3261 quidam
446 3163 537 3236 urbe
554 3178 805 3251 excesserunt,
820 3162 1046 3260 Eurylochus
1059 3175 1216 3232 mortem

146 3268 214 3340 sibi
232 3274 418 3344 conscivit.
439 3273 611 3346 Antiochi
628 3274 758 3345 milites
776 3275 847 3370 (sic
863 3275 960 3344 enim
977 3274 1074 3371 pacti
1089 3275 1218 3366 erant)

146 3403 210 3476 per
229 3382 480 3454 Macedoniam
501 3384 787 3483 Thraciamque,
809 3380 1118 3483 prosequentibus
1138 3385 1216 3451 Ma-

145 3490 362 3582 cedonibus,
379 3520 425 3565 nc
439 3496 520 3592 quis
535 3520 598 3567 eos
610 3496 780 3580 violaret,
793 3493 1056 3590 Lysimachiam
1070 3491 1216 3563 deducti

144 3616 241 3671 sunt.
257 3606 368 3673 Erant
389 3618 425 3675 et
444 3628 567 3701 paucae
581 3630 692 3677 naves
708 3603 958 3690 Demetriade,
976 3601 1111 3700 quibus
1132 3628 1218 3702 prae·

144 3728 219 3783 erat
237 3714 423 3786 Isidorus:
444 3740 493 3787 eae
511 3741 661 3815 quoque
685 3735 768 3788 cum
787 3713 957 3813 praefecto
976 3739 1042 3785 suo
1062 3713 1215 3785 dimissae

144 3837 239 3893 sunt.
268 3822 358 3895 Inde
382 3824 574 3924 Dolopiam
602 3842 639 3898 et
667 3827 922 3925 Aperantiam²
948 3840 983 3897 et
1006 3824 1214 3924 Perrhaebia

143 3931 317 4027 quasdam
336 3936 497 4007 civitates
514 3939 662 4035 recepit.

177 4166 238 4215 Car.
261 4170 386 4218 xxxm.
411 4187 434 4219 1.
455 4171 496 4218 Ab
517 4171 583 4219 omni
600 4188 654 4236 spe,
701 4171 779 4236 plum.
803 4174 841 4220 Eo
860 4174 936 4220 latere
954 4184 1037 4237 potest
1058 4173 1082 4218 in
1102 4171 1144 4220 ibi.
1168 4174 1213 4219 En.

143 4243 204 4293 sorte
219 4263 279 4310 ope,
299 4260 323 4296 et
339 4265 398 4297 mox
417 4248 568 4314 insanorum
574 4269 584 4308 ,·
602 4253 655 4301 Iac.
737 4267 760 4298 a.
773 4251 879 4314 Dolopia
897 4263 922 4299 et
934 4251 1073 4314 Aperantia
1082 4250 1214 4298 Thessaliae

142 4324 221 4374 Gron.
244 4354 278 4362 -
297 4327 377 4376 Turba
394 4328 521 4378 incondita
534 4329 611 4396 (vide
624 4331 656 4379 ad
700 4329 838 4389 urbea,illa
851 4331 877 4376 in
887 4329 1094 4378 finibusl'aeoniae
1106 4328 1214 4393 autEpi·

142 4403 218 4463 m,
230 4406 261 4464 57
272 4440 279 4463 ,
292 4422 318 4452 n.
337 4421 364 4453 ιι
377 4405 388 4471 )
399 4407 533 4472 regionam,
549 4408 654 4457 militum
699 4410 733 4468 ri,
742 4409 906 4458 haecAEtoliae.
916 4410 989 4458 Conl.
1000 4409 1089 4473 Polyb.
1100 4411 1162 4463 xx,
1175 4424 1214 4464 112

141 4483 389 4534 nuent-Deba
396 4486 477 4552 suppl.
487 4505 530 4545 eo,
541 4488 580 4537 vel
589 4489 654 4538 aliud
700 4489 808 4538 etDralr.
818 4489 884 4539 adh.
895 4489 914 4538 l,
924 4503 948 4538 et
959 4492 1058 4550 xuni,
1070 4505 1101 4536 aa
1113 4498 1212 4534 extr.—

141 4561 174 4608 rei
187 4564 354 4616 couveniens:
368 4567 410 4614 sed
423 4582 474 4615 non
484 4567 563 4618 babeo
573 4585 654 4618 exem·
699 4569 838 4633 Aperantia
853 4586 908 4630 qua·
918 4571 949 4618 sit
966 4571 1045 4634 regio,
1065 4570 1175 4631 ignorant·
1190 4585 1214 4613 u·
