2722 5040
168 805 294 921 2:532:ss
370 829 984 900 Ltss.xxx1x.CAP.th.Lttl.
1069 794 1072 799 ⁴
1141 832 1211 919 415

141 949 277 1048 sepulti
302 942 424 1019 sunt⁶.
448 953 602 1020 Veneno
625 949 808 1048 absumpti
831 953 1010 1024 Hannibal
1035 970 1070 1026 et
1092 956 1210 1028 Philo·

141 1081 309 1157 poemen;
324 1056 426 1129 exsul
440 1057 637 1146 Hannibal,
655 1061 821 1159 proditus
839 1061 885 1132 ab
902 1063 1064 1162 hospite,
1085 1083 1212 1166 captus

140 1168 394 1266 Philopoemen
412 1170 450 1239 iu
471 1192 613 1242 carcere
631 1184 667 1241 et
686 1172 725 1242 in
743 1171 896 1244 vinculis
917 1175 1119 1271 exspiravit.
1143 1181 1212 1249 Sci·

116 1310 118 1321 ·
142 1279 226 1377 pio‘,
250 1280 317 1349 etsi
336 1302 412 1349 non
433 1279 552 1366 exsul,
575 1304 696 1377 neque
717 1281 925 1369 damnatus,
951 1281 1146 1357 dictamen
1165 1286 1213 1357 di·

142 1403 221 1476 cta,
240 1387 285 1459 ad
308 1413 419 1486 quam
438 1414 514 1460 non
537 1389 702 1462 adfuerat
722 1415 823 1479 reus,
846 1390 976 1463 absens
995 1395 1138 1484 citatus,
1152 1423 1211 1468 vo-

143 1500 343 1570 luntarium
363 1524 439 1570 uon
461 1497 605 1571 sibimet
631 1502 708 1597 ipse
727 1500 865 1590 solum,
887 1501 950 1574 sed
970 1504 1077 1574 etiam
1090 1504 1211 1578 suneri

143 1633 232 1695 suo,
251 1607 415 1681 exsilium
432 1609 571 1680 indixit.
1321 1686 1330 1702 ⁸

191 1723 283 1791 LIII.
307 1724 406 1790 Dum
431 1745 472 1791 ea
494 1721 532 1791 in
556 1720 811 1817 Peloponneso
837 1725 881 1818 (a
903 1721 1037 1819 quibus
1058 1724 1212 1798 devertit
1304 1756 1307 1761 ’

144 1830 282 1900 oratio¹
297 1828 311 1923 )
329 1844 526 1927 geruntur,
551 1829 688 1901 reditus
709 1831 747 1901 in
767 1831 1016 1902 Macedoniam
1037 1839 1210 1907 Demetrii

143 1938 419 2037 legatorumque
438 1939 549 2020 aliter,
560 1939 710 2010 aliorum
727 1937 897 2011 affecerat
910 1942 1063 2011 animos
1076 1944 1212 2042 Vulgus

142 2040 406 2136 Macedonum,
421 2073 515 2147 quos
523 2048 610 2120 belli
624 2048 670 2119 ab
684 2050 855 2120 Romanis
865 2050 1084 2122 imminentis
1095 2067 1213 2124 metus

143 2174 345 2248 terruerat,
366 2162 613 2246 Demetrium,
639 2173 679 2230 ut
704 2160 801 2257 pacis
822 2173 1030 2247 auctorem,
1056 2184 1137 2231 cum
1157 2164 1211 2232 in-

143 2271 243 2368 genti
260 2268 382 2347 savore
405 2269 695 2369 conspiciebant;
718 2269 825 2340 simul
846 2283 882 2340 et
902 2291 966 2365 spe
987 2269 1082 2341 haud
1103 2269 1213 2342 dubia

144 2405 299 2479 regnum
326 2383 359 2452 ei
387 2395 469 2479 post
495 2395 649 2451 mortem
681 2381 792 2478 patris
821 2376 1060 2449 destinabant.
1088 2380 1231 2464 Natus

144 2496 214 2561 etsi
232 2496 351 2561 minor
370 2507 493 2577 catate,
515 2516 628 2588 quam
650 2495 821 2575 Perseus,
845 2504 950 2575 esset,
974 2488 1071 2559 hunc
1090 2505 1210 2560 tamen

136 2601 243 2695 justu
260 2600 526 2691 matrefamilice
536 2611 562 2687 ²,
582 2599 682 2670 illum
691 2598 820 2696 pellice
836 2614 954 2668 ortum
975 2622 1070 2683 esse,·
1092 2598 1210 2685 illum,

146 2725 189 2779 ut
199 2734 248 2809 ex
260 2709 409 2806 ungam
427 2735 575 2807 corpore
585 2715 764 2807 genitum,
780 2708 920 2780 nullam
932 2716 1017 2778 certi
1019 2717 1138 2806 patris
1148 2736 1212 2781 no·

146 2832 222 2888 tam
236 2817 386 2905 habere,
402 2821 496 2889 hunc
505 2825 679 2916 insignem
688 2819 852 2916 Philippi
856 2818 1125 2890 similitudinem
1125 2846 1211 2918 prce

145 2929 300 3018 ecferre.
312 2929 378 2998 Ad
385 2930 470 3016 hoo,
485 2935 670 3001 Romanos
682 2936 905 3001 Demetrium
917 2937 1113 3027 inpotemo
1122 2931 1210 3001 solio

149 3036 346 3125 Iocularem
366 3044 490 3110 Persei
502 3040 640 3110 rtnllom
661 3042 763 3138 apud
772 3067 832 3111 eos
848 3047 1006 3136 graiium
1025 3065 1108 3110 esse.
1129 3046 1210 3111 Haec

147 3253 369 3290 astesecensorem
378 3244 656 3291 moremamessenitnn.
701 3243 817 3308 Philippo
832 3261 898 3305 esse,
920 3243 963 3291 sed
978 3242 1103 3291 subditum
1123 3260 1137 3290 a
1154 3243 1210 3291 Phi-

183 3321 210 3370 6.
223 3324 309 3370 Omnes
324 3339 373 3369 non
390 3322 416 3368 in
432 3323 514 3385 patrio
532 3323 585 3369 solo
592 3356 650 3370 .....
701 3320 764 3387 lippi
776 3336 868 3371 uxore:
883 3334 1032 3385 matremque
1041 3323 1092 3381 ejus
1101 3323 1210 3372 nominat

149 3401 237 3467 sepulti
244 3413 299 3449 sunt
305 3419 315 3458 ,·
335 3412 359 3448 at
369 3402 399 3449 de
408 3401 591 3466 Philopoemene
601 3402 658 3449 vide
702 3401 870 3451 GnathaenIam
878 3437 885 3461 ,
894 3402 1017 3448 sertricem
1023 3401 1170 3464 Argolicam.
1181 3405 1211 3450 Et

149 3479 181 3528 sd
195 3497 248 3545 cap.
264 3482 312 3538 50,
326 3497 351 3527 ιι.
364 3488 387 3536 a.
397 3508 433 3517 —
446 3482 501 3528 Etsi
513 3499 561 3528 noa
572 3481 656 3537 exsul,
702 3482 815 3540 Perseus,
828 3480 894 3544 apud
902 3481 997 3528 Livium
1007 3480 1103 3542 ipsum,
1115 3483 1173 3542 xt,
1185 3498 1208 3544 9.

149 3558 236 3606 exsilio
253 3559 399 3607 mulctatus:
416 3558 472 3607 uam
490 3560 658 3607 voluntarium
703 3559 743 3607 Sic
757 3559 788 3606 de
805 3576 831 3606 se
850 3559 978 3622 loquitur:
998 3573 1036 3605 me
1052 3559 1174 3607 subditum
1187 3573 1211 3607 et

149 3638 304 3702 sibimetipse
317 3638 429 3704 etfleneri
439 3656 482 3686 suo
501 3639 571 3703 (vide
586 3655 658 3703 supra
697 3637 786 3703 pellice
792 3637 901 3702 genitum
909 3637 1044 3701 appellunt.
1058 3638 1096 3684 Ex
1109 3637 1147 3685 his
1160 3639 1211 3687 col·

150 3717 183 3766 sd
199 3720 350 3777 xxxvul,
373 3720 415 3777 53,
429 3731 482 3768 not.
494 3718 524 3781 a)
547 3716 659 3765 exsilium
702 3716 788 3778 ligitur
802 3719 939 3764 Perseums
959 3715 1074 3778 Philippo
1092 3728 1116 3764 et
1134 3733 1211 3766 uxore

151 3795 252 3844 indixit.
703 3796 770 3857 ejus,
791 3807 906 3858 tannsm
928 3794 1063 3858 legitimum
1086 3795 1212 3860 utriusque

185 3875 249 3923 Csr.
269 3877 334 3923 LIII.
356 3892 380 3924 1.
400 3875 506 3923 Devenit
518 3876 616 3935 oratio;
627 3878 659 3925 ci.
704 3873 798 3936 lilium,
807 3874 917 3937 agnitum
926 3884 950 3921 et
959 3872 1039 3938 pelam
1052 3873 1162 3923 habitum
1175 3893 1212 3924 es-

151 3968 205 4017 esp.
217 3954 261 4011 48,
284 3963 335 4017 49,
351 3954 417 4002 etad
427 3958 451 4011 I,
465 3955 507 4012 51,
519 3966 572 4003 not.
583 3973 607 4005 s.
622 3957 661 4004 Ad
706 3970 746 4015 se,
762 3969 791 4000 ac
802 3951 905 4017 proinde
915 3969 960 4017 pro
972 3952 1080 4016 legitimo
1093 3971 1144 4003 sese
1162 3971 1214 4018 ges·

150 4034 599 4098 seqq.conl.Polyb.XX1V,6et7.
706 4035 781 4083 sisse:
802 4031 846 4080 sed
865 4043 946 4099 ortgm
968 4033 1021 4093 ejus
1040 4033 1123 4082 multis
1142 4035 1215 4082 fuisse

186 4128 211 4160 a.
224 4114 387 4162 Hunetamen
395 4115 466 4180 justa
481 4114 661 4178 matrefamilias
706 4123 862 4176 suspectum,
885 4112 1005 4175 variisque
1025 4112 1143 4171 jactatum
1163 4130 1215 4161 esse
1252 4161 1255 4171 ,

150 4191 162 4253 (
168 4191 201 4238 its
211 4192 274 4240 MSS
284 4204 308 4240 et
317 4193 401 4258 primae
410 4193 468 4241 edd.
476 4192 661 4256 inatrefamilias
705 4191 870 4250 sermonibus,
880 4191 934 4239 eliis
943 4207 957 4238 a
967 4191 1082 4256 Philippo
1094 4209 1149 4239 eum
1160 4209 1213 4240 sus·

151 4268 227 4333 elii),
245 4271 314 4319 illum
324 4272 410 4335 pellice
429 4284 509 4319 ortum
527 4272 662 4329 esse,·vide
707 4281 804 4335 ceptum
824 4287 874 4318 esse
895 4288 926 4319 ex
945 4270 1032 4336 pellice
1057 4269 1210 4323 dicentibus,

151 4350 261 4413 supraed
275 4351 365 4400 librum
375 4355 487 4416 III,cap.
500 4368 580 4412 pam.
594 4354 662 4400 3.-
706 4350 759 4399 aliis
782 4350 853 4414 plane
875 4348 999 4399 subditum
1021 4366 1065 4414 per
1087 4349 1209 4404 fraudem,

151 4426 310 4493 Plutarchus,
323 4442 351 4479 nt
360 4433 485 4480 annotavit
495 4432 581 4490 Creu,
595 4433 663 4480 testis
707 4430 889 4493 necquicquam
899 4430 1060 4494 pertinentem
1073 4428 1104 4475 sd
1116 4427 1214 4491 stirpem

151 4507 225 4555 estiis
236 4508 350 4570 AEmilio,
367 4509 430 4559 hsnc
446 4511 476 4558 de
488 4513 575 4560 Perseo
590 4513 664 4560 tuine
707 4511 805 4575 regiam.
820 4512 866 4567 En,
889 4538 922 4547 -
940 4511 982 4556 Ea
991 4508 1215 4571 eadgatocorporq

152 4587 311 4650 opinionem,
323 4606 378 4691 atqu
397 4607 427 4638 ne
446 4591 554 4655 genitum
567 4591 665 4655 quidem
709 4589 764 4638 vide
777 4590 808 4637 ad
824 4593 847 4651 I,
858 4600 887 4651 4,
900 4607 925 4638 n.
938 4604 978 4636 ιο.
