2722 5040
183 769 307 888 &2:221
356 792 442 860 us.
468 791 634 859 xxxlx.
663 793 761 863 oar.
788 794 899 864 xxv.
925 798 1053 868 xxva
1153 798 1221 871 365

153 913 330 986 Thessalis
352 911 502 996 auditis,
521 911 701 984 Perrhaebi
726 916 1057 1015 Gonnocondylum
1070 917 1095 1007 ⁵,
1119 923 1222 1020 quod

153 1024 343 1123 Philippus
352 1021 601 1119 Olympiadem
615 1023 866 1122 appellaverat,
878 1028 1087 1102 Perrhaebiae
1097 1031 1223 1122 fuisse,

152 1146 208 1219 et,
221 1147 262 1204 ut
276 1132 344 1204 sihi
358 1133 627 1218 restitueretur,
643 1132 808 1233 agebant.
823 1140 868 1207 Et
881 1136 927 1209 de
942 1141 1086 1213 Malloea
1097 1159 1134 1216 et
1147 1148 1221 1217 Eri-

153 1244 249 1313 cinio
275 1241 401 1314 eadem
426 1241 622 1339 postulatio
651 1256 738 1315 erat.
767 1244 987 1321 Athamanes
1019 1252 1220 1328 libertatem

151 1352 389 1450 repetebant,
407 1366 445 1424 et
461 1352 605 1425 castella
617 1352 830 1426 Athenaeum
845 1371 882 1428 et
897 1363 1098 1434 Poetneum.

202 1467 330 1535 XXVI.
349 1461 555 1559 Philippus,
574 1475 616 1532 ut
631 1466 849 1537 accusatoris
864 1470 1008 1563 potius,
1027 1498 1137 1569 quam
1151 1478 1223 1565 rei,

150 1574 308 1670 speciem
329 1571 502 1658 haberet,
526 1587 562 1643 et
584 1572 660 1668 ipse
679 1597 699 1643 a
719 1575 875 1670 querelis
897 1602 1022 1668 orsus,
1043 1587 1222 1657 Menelai·

150 1683 235 1754 dem
258 1689 296 1752 r'n
312 1682 492 1780 Dolopia,
513 1705 599 1779 quse
616 1689 718 1778 regui
734 1691 794 1754 sui
799 1687 950 1778 fuz'sset,
976 1694 1163 1768 Thessalos
1180 1705 1223 1769 ui

150 1809 261 1891 atque
285 1799 397 1864 annas
421 1816 671 1890 expugnasse,
694 1808 844 1890 questus
866 1812 944 1868 est:
967 1806 1051 1872 item
1071 1810 1220 1878 Petram

149 1909 187 1973 in
207 1909 331 1975 Pieria
348 1903 398 1974 ab
418 1903 543 1974 tudem
567 1902 742 1973 Thessalas
760 1905 1037 2006 Perrhaebisque
1058 1931 1217 2011 captam.

151 2017 306 2108 Xymas¹
320 2014 484 2112 quidem,
507 2009 614 2082 haud
628 2011 739 2083 dubie
753 2013 933 2086 aetolicum
945 2020 1136 2115 oppedum,
1151 2025 1224 2096 sibi

149 2148 210 2193 eos
222 2123 805 2211 conmbaase30t1’arackeloula,
817 2149 902 2221 quae
911 2126 980 2197 sub
988 2130 1219 2206 Athamania

150 2251 253 2321 esset,
272 2234 372 2306 nullo
385 2237 474 2331 jure
490 2233 743 2305 Thessalorum
750 2235 930 2325 formulae
939 2241 1097 2330 factam.
1118 2249 1218 2317 Nam

149 2368 235 2440 quae
252 2346 324 2416 sibi
338 2351 491 2416 cre'mr'na
511 2344 730 2440 objreiaatur
744 2344 791 2415 de
812 2346 950 2418 insulta}
969 2348 1167 2446 legatorum
1184 2373 1221 2428 et

149 2460 337 2526 maritumis
346 2455 527 2553 portubus
532 2457 778 2552 frequentatis
796 2472 864 2526 aut
878 2456 1043 2546 desertas,
1063 2461 1216 2537 alterum

148 2563 386 2637 den'eliculum
406 2591 505 2652 esse,
528 2591 568 2636 se
592 2565 742 2636 reddere
762 2572 961 2656 rationem,
986 2596 1075 2668 quos
1089 2593 1218 2672 portus

148 2691 358 2746 mercatores
387 2693 452 2746 aut
478 2681 617 2746 nautici
628 2691 787 2772 petant;
815 2677 968 2750 alterum
994 2708 1111 2755 mores
1134 2712 1219 2759 suos

148 2809 324 2882 respuere.
351 2790 420 2856 Tot
440 2811 557 2857 annos
579 2811 675 2872 esse,
689 2811 761 2883 per
776 2813 868 2884 quos
891 2815 1083 2889 nunquam
1101 2822 1218 2868 cessa.

149 2901 262 2966 verint
282 2895 410 2992 legati,
437 2920 533 2966 nunc
563 2895 617 2964 ad
647 2900 880 2992 Imperatores
906 2925 1097 2991 romanos,
1121 2931 1219 2978 nunc

148 3011 303 3077 Romam
329 3007 384 3076 ad
408 3022 574 3077 senatum
600 3012 754 3077 crimt'na
781 3008 828 3078 de
854 3034 893 3079 se
921 3010 1070 3101 deferre.
1098 3018 1217 3104 Quem

148 3142 308 3214 unquam
332 3116 445 3187 uerbo
472 3115 650 3187 malacum
675 3119 778 3186 esse?
801 3118 923 3188 Semel
948 3120 1003 3189 ad
1028 3124 1217 3210 Qurntr'um

147 3225 313 3297 euntibus
335 3226 487 3296 insidias
509 3225 738 3315 ddcz'factas:
756 3227 840 3312 sed,
861 3228 954 3325 quid
969 3233 1011 3298 iis
1029 3232 1216 3320 acciderit,

147 3361 221 3407 non
233 3337 353 3430 aalJ'ici.
371 3339 637 3429 Quaerentium,
656 3337 759 3433 quod
758 3336 864 3425 falso
879 3336 1052 3432 adliciant
1059 3351 1086 3427 ²,
1102 3368 1217 3439 quum

146 3452 227 3517 veri
242 3444 337 3517 nihil
348 3446 531 3532 habeant,
552 3470 597 3517 ea
615 3453 767 3517 cn'mirm
784 3471 869 3518 esse.
888 3448 1090 3520 [molenter
1105 3468 1142 3522 et
1153 3459 1216 3524 im·

183 3667 208 3715 5.
221 3666 514 3730 &maurusium-vox
522 3666 657 3731 composita
701 3664 817 3731 quaesibi
828 3663 948 3722 mimium
960 3665 1011 3712 vid.
1026 3667 1135 3730 111,39,
1149 3685 1174 3717 n.
1189 3673 1215 3722 Β,

147 3763 179 3794 ex
190 3746 294 3795 horon
307 3746 457 3811 oppidorum
469 3745 623 3803 nominibum
631 3756 658 3796 et
700 3743 920 3800 -Derr'dr'eulum,
936 3743 1006 3792 valde
1018 3744 1157 3796 fidit-ulum.
1171 3751 1215 3800 ct.

146 3827 257 3874 restituta
277 3842 291 3874 ι
310 3827 394 3890 Slgon.
417 3841 463 3889 pro
484 3824 658 3887 Commondy·
701 3823 772 3872 Vm.
781 3822 813 3871 de
822 3825 859 3870 Ile
870 3824 939 3869 Rust.
950 3825 970 3880 1,
984 3824 1024 3882 13,
1034 3833 1058 3871 at
1067 3826 1147 3890 intpp.
1156 3830 1213 3880 Ter.

147 3905 211 3962 lum
222 3905 317 3954 vidend
329 3907 420 3965 XLIV,
431 3908 460 3965 6,
469 3922 495 3955 n.
506 3907 531 3953 6.
699 3905 786 3951 Hesus.
800 3903 833 3962 V,
855 3916 878 3958 r,
892 3918 916 3948 v.
932 3917 976 3962 79.
993 3902 1110 3952 Similiter
1124 3906 1214 3972 depar-

179 3987 243 4035 Cn.
254 3987 350 4034 XXVI.
367 4001 389 4033 1.
398 3986 507 4050 Xynias:
516 3983 656 4048 Xyniarum
699 3996 754 4036 eus,
766 3979 891 4037 detinere,
907 3979 1036 4038 deamare,
1045 3982 1162 4048 defessus,
1172 3988 1215 4034 de.

146 4063 232 4130 oppidi
249 4067 300 4127 iam
314 4066 406 4114 mentio
416 4066 477 4113 laeta
487 4075 525 4112 est
538 4065 656 4120 XXXII,
701 4057 809 4114 Iacens.
823 4057 957 4123 defatiscor
965 4059 1093 4121 dicuntum
1104 4065 1162 4112 Em.
1174 4067 1216 4114 Ill·

148 4145 194 4203 1³,
208 4143 252 4194 fin.
263 4155 288 4193 et
299 4146 429 4202 XXXIII,
440 4145 454 4191 3
464 4178 471 4201 ,
481 4143 545 4191 med.
559 4141 607 4190 En.
623 4168 658 4179 -
702 4137 809 4186 duratum
818 4153 903 4186 omnes
916 4140 979 4188 MSS
990 4152 1080 4205 praeter
1092 4144 1161 4208 Meg.

147 4221 553 4288 ssusahnamformulaesactam(
563 4218 657 4268 vidend
739 4232 764 4264 a.
786 4216 965 4279 Qroeremr'um,
987 4219 1057 4282 quod
1066 4219 1137 4285 fibo
1153 4223 1216 4287 obji-

144 4303 195 4361 111,
211 4304 302 4360 dm.
323 4304 353 4360 5,
370 4296 657 4360 etXXVI,aI,n.5)
700 4296 784 4351 amnt.
803 4312 836 4343 ex
857 4296 952 4345 emend.
979 4298 1056 4347 Gran.
1079 4315 1126 4364 pro
1148 4301 1217 4364 vulg.

143 4381 437 4439 rmetetoidmomn
443 4380 547 4428 duorum
555 4376 657 4442 oppido
701 4374 775 4439 quid,
787 4390 862 4438 quum
873 4375 1033 4439 quarentium
1045 4376 1070 4422 h.
1083 4376 1101 4425 l.
1120 4393 1169 4425 non
1185 4382 1217 4426 sit

143 4459 497 4519 mm,Thesnli20tAEtollae;
507 4457 558 4505 vid.
569 4455 657 4522 steph.
702 4454 916 4517 Interrogantitrm,
933 4453 975 4501 sed
992 4454 1100 4516 undique
1114 4457 1219 4518 conqui-

143 4539 322 4596 etsmtm,
342 4539 403 4595 4343
417 4540 460 4594 Χ,
474 4536 532 4593 458.
546 4560 581 4573 -
592 4535 658 4582 Nm
704 4532 817 4581 mann.
