2722 5040
285 49 402 143 {uuida
420 50 492 143 ipsa
508 48 698 142 impeditus
714 47 898 130 ‹›1101·ibiis‚
915 74 928 116 t

285 161 456 255 piendum
479 184 607 227 munus
627 183 753 226 vacuus
774 158 931 227 haberet]

285 269 439 365 praebet3
454 275 636 338 Romanos
650 269 822 363 iniquitas
837 268 934 338 [0001

283 381 334 450 les
354 393 462 450 notos
485 378 781 466 occursantibus,
806 393 841 448 et
866 377 936 449 late

281 514 385 562 cavas
404 489 536 576 valles,
565 488 744 589 prodebat
754 493 781 559 ⁴.
809 494 891 587 Ipsa
917 512 943 560 et

281 625 376 699 que,
395 613 438 672 ut
456 598 531 673 sors
552 600 658 689 tulit,
682 600 739 671 his
763 614 827 670 aut
844 598 916 670 illis
940 602 946 669 i

282 707 531 808 pugnantibus
556 707 820 807 impedimento
846 723 934 782 sunt

282 820 410 919 praedae
429 820 562 892 vindex
583 820 688 892 cadit
708 824 820 891 Prout
836 820 940 893 locus

280 945 343 1002 aut
362 931 451 1015 iuis,
469 945 580 1028 prout
598 932 740 1002 animus
754 932 957 1028 pugnantia

280 1064 343 1110 rus
357 1039 441 1133 (alii
459 1040 556 1110 enim
577 1038 742 1136 pluribus
762 1064 872 1137 quam
890 1039 958 1138 ipsi

280 1147 382 1220 ribus
411 1164 645 1221 occurrerant
658 1148 694 1263 )3
719 1151 815 1220 varia
839 1174 965 1248 pugna

282 1260 467 1356 utrimque
487 1258 642 1330 cadunt·
657 1263 734 1329 Jam
757 1284 833 1330 nox
858 1274 968 1359 appet

282 1366 463 1441 excedunt
487 1368 662 1458 Thraces,
688 1394 764 1440 non
792 1367 877 1467 fuga
901 1369 972 1442 vuli

282 1479 346 1552 sed
362 1481 447 1578 quia
465 1481 550 1551 satis
566 1479 695 1578 proedae
712 1478 908 1552 habebant.

331 1594 420 1661 XLI.
433 1595 680 1662 Romanorum
692 1592 850 1690 primum
865 1613 974 1687 agmei

284 1702 458 1800 templum
480 1701 717 1774 Bendidium¹
739 1714 852 1771 castra
873 1699 956 1770 loco

283 1811 395 1883 altera
408 1811 454 1883 ad
472 1811 672 1884 custodiam
688 1809 971 1908 impedimentor

283 1920 421 2019 duplici
441 1920 664 1993 circumdata
682 1919 798 2007 vallo,
815 1919 959 1991 mansit.

284 2031 473 2130 exploratu
490 2033 583 2105 saltu
602 2055 712 2130 quam
734 2044 925 2102 moverent
933 2040 962 2116 ²,

283 2219 367 2266 Donec
378 2216 472 2265 armati
480 2217 625 2277 mitent,
635 2217 744 2281 quandiu
755 2217 794 2266 vel
873 2217 935 2266 Cu.
945 2216 974 2263 X]

282 2294 380 2345 interim
389 2296 595 2357 dumtnnoeuut3
606 2296 796 2361 nuk—Impe-
839 2296 931 2374 Dieuc.
949 2295 974 2343 D

282 2374 391 2424 Μία
400 2386 424 2424 08
434 2377 545 2424 swina!
555 2375 674 2418 inondum
699 2387 726 2400 ··¹
839 2374 855 2381 ⁶
