2722 5040
600 39 610 51 V

84 35 1356 313 ψ

603 134 626 149 ι..

183 743 249 826 nu
582 729 629 816 s.
663 747 807 816 mvn
1087 726 1213 829 &13:333ss

175 863 311 960 legatos
329 863 542 963 iitemsque,
560 863 696 964 quibus
709 868 899 938 transitum
917 867 956 936 in
973 868 1091 938 Asiam
1110 871 1239 939 Roma-

175 997 309 1045 norum
329 975 563 1075 increpabat:
592 982 723 1050 Venire
746 1002 807 1049 eos
831 976 885 1046 ad
898 983 1023 1047 omnia
1040 1002 1153 1074 regna
1172 978 1239 1049 toi·

175 1082 308 1172 leuda,
325 1102 368 1156 ut
378 1087 517 1159 nullum
533 1113 689 1186 usquam
707 1087 804 1158 orbis
821 1103 1014 1175 terrarum,
1029 1093 1101 1158 nisi
1116 1112 1240 1161 mma·

175 1216 281 1281 num,
299 1200 489 1293 imperium
505 1214 604 1270 esset.
624 1198 835 1296 Philippum
853 1212 891 1268 et
904 1197 1031 1270 Nabin
1047 1221 1240 1295 expugna-

175 1319 246 1387 tos,·
256 1329 296 1376 se
311 1313 452 1378 tertium
454 1313 546 1406 peti.
566 1313 613 1380 Ut
629 1314 782 1406 quisquc
789 1311 985 1404 prosimus
1002 1306 1052 1377 ab
1070 1331 1240 1405 oppresso

174 1418 236 1500 sie,
239 1438 311 1510 per
321 1441 445 1489 omnes
462 1418 758 1490 velutcontiaens
774 1416 979 1488 incendium
985 1442 1238 1514 pervasurum.

176 1522 239 1592 Ab
258 1548 299 1594 se
313 1527 472 1622 gradum
492 1535 530 1599 in
550 1529 758 1624 Bithyniam
764 1529 870 1618 fore,
891 1527 1042 1623 quanda
1057 1532 1241 1599 Eumenes

175 1637 214 1700 ia
239 1633 488 1709 voluntariam
513 1644 714 1710 servitutem
745 1643 981 1709 concessisset.
1007 1639 1069 1709 His
1097 1653 1239 1710 motum

177 1743 337 1814 Prusiam
369 1746 478 1819 literae
508 1750 687 1848 Scipionis
717 1746 896 1836 consulis,
922 1746 986 1820 sed
1018 1751 1131 1846 magis
1161 1749 1241 1844 ejus

178 1847 297 1926 fratris
320 1854 496 1947 Africani,
516 1859 562 1932 ab
581 1861 785 1957 suspicione
807 1858 870 1928 tali
890 1873 1123 1943 averterunt;
1151 1861 1240 1955 qui,

175 1977 306 2058 praeter
325 1969 628 2042 consuetudinem
645 1982 857 2068 perpetuam
875 1967 1003 2065 populi
1021 1970 1162 2040 romani
1179 1995 1242 2041 au·

176 2073 285 2168 gendi
305 2080 406 2149 omni
425 2078 566 2153 honore
585 2104 712 2178 regum
728 2079 908 2150 sociorum
927 2077 1165 2171 majestatem,
1181 2079 1242 2150 do

175 2187 334 2259 mesticis
347 2190 425 2288 ipse
441 2191 615 2290 exemplis
628 2191 789 2262 Prusiam
803 2187 846 2260 ad
861 2187 1139 2286 promerendam
1156 2190 1241 2259 arni-

176 2295 297 2367 citiam
318 2323 419 2370 suam
440 2303 625 2399 compulit.
650 2299 805 2398 Regulos
827 2324 867 2370 se
888 2315 1052 2397 acceptos
1075 2301 1242 2397 infidam

175 2409 214 2474 in
225 2410 408 2504 Hispania
421 2434 520 2507 reges
531 2411 725 2509 reliquisse.
739 2415 971 2481 Masinissam
985 2433 1059 2479 aon
1072 2415 1111 2480 in
1118 2418 1242 2509 patrio

177 2516 287 2586 modo
304 2515 441 2590 locasse
456 2545 584 2618 regno,
601 2521 717 2593 sedin
732 2519 926 2618 Syphacis,
944 2544 968 2589 a
985 2544 1059 2616 quo
1077 2535 1163 2590 aute
1179 2545 1243 2591 es·-

169 2624 302 2724 puisus
310 2631 462 2719 fuisset,
483 2656 632 2728 regnum
655 2635 891 2729 imposuisse,·
910 2643 1041 2700 ecesse
1064 2653 1148 2700 eum
1168 2655 1242 2701 non

177 2738 317 2826 Asticae
337 2740 446 2810 modo
464 2766 588 2838 regum
610 2741 715 2838 longe
732 2739 1065 2838 opulentissimum,
1084 2740 1152 2811 sed
1169 2755 1242 2812 toto

178 2852 215 2916 in
234 2848 321 2920 orbe
342 2864 517 2923 terrarum
541 2859 650 2924 cuiuis
665 2877 788 2948 regum
804 2850 869 2922 vel
883 2852 1091 2946 majestate,
1112 2850 1177 2922 vel
1189 2859 1243 2922 vi·

176 2956 426 3056 ribusparem.
449 2961 662 3061 Philippum
682 2979 720 3033 et
739 2956 900 3046 Nabin³,
921 2959 1040 3031 hostes
1067 2958 1159 3032 bello
1186 2988 1243 3033 su·

168 3083 319 3163 peratos
340 3069 389 3141 ab
410 3076 448 3141 T.
468 3076 634 3165 Quintio,
655 3089 776 3144 tamen
798 3078 836 3142 in
853 3096 963 3169 regno
983 3071 1132 3143 relictos.
1152 3074 1242 3144 Pisi·

176 3175 433 3277 lrppoqm'dem
444 3208 544 3255 anno
545 3190 672 3281 priore
679 3189 790 3254 etiam
799 3181 1031 3281 stipendium⁴
1043 3187 1241 3263 remissum,

177 3288 341 3385 etfilium
354 3291 515 3363 obsidem
527 3292 724 3364 redditum:
735 3307 772 3364 et
780 3291 961 3389 quasdam
969 3296 1126 3363 civitates
1138 3308 1243 3366 extra

179 3400 451 3490 Macedoniam,
471 3403 694 3502 patiena'bus
711 3409 872 3474 romanis
889 3401 1178 3498 imperatoribus,
1190 3427 1244 3472 re-

178 3515 312 3608 cepisse
340 3537 433 3584 eum.
462 3519 508 3584 In
531 3511 660 3585 eadem
679 3513 853 3610 dignasse
876 3527 912 3582 et
933 3510 1058 3583 Nabin
1069 3512 1243 3601 futurum

167 3622 303 3711 fuisse,
322 3628 395 3692 nr'si
405 3647 488 3695 eum
503 3649 591 3696 suus
602 3629 726 3722 primo
733 3625 862 3714 sumt,
878 3621 1010 3692 deinde
1014 3623 1129 3712 fraus
1146 3628 1244 3693 AEto-

177 3727 294 3802 larum
315 3732 580 3832 absumpsisset.
600 3735 756 3805 Maxime
777 3730 1012 3805 confirmatus
1031 3748 1085 3805 est
1103 3734 1245 3804 animus

178 3840 289 3938 regis,
312 3857 504 3940 postquam
523 3843 569 3915 ad
594 3868 679 3915 eum
703 3847 741 3916 C.
762 3844 904 3929 Livius,
921 3844 986 3939 qui
1008 3857 1141 3941 praetor
1160 3858 1244 3915 ante

179 4048 226 4086 err.
236 4035 267 4085 sd
278 4036 352 4087 finem
362 4039 493 4104 sspconi.
506 4038 595 4103 Polyb.
610 4040 689 4096 m„
734 4037 875 4096 horsum,
897 4037 964 4102 quod
977 4038 1026 4098 ism
1043 4037 1109 4086 an.
1132 4037 1243 4096 monuit,

178 4133 205 4178 9.
214 4142 250 4154 -
258 4119 288 4164 Se
298 4117 394 4166 serrium
401 4118 453 4184 peti
460 4136 471 4176 ,·
481 4116 539 4167 vide
550 4117 582 4166 sd
595 4118 692 4177 xxm,
734 4134 750 4166 ι
759 4117 917 4183 Scipionibus
930 4132 976 4181 per
983 4116 1154 4165 Mrcsslonism
1169 4128 1244 4166 tmus-

182 4209 248 4254 m.
260 4211 284 4244 a.
735 4198 849 4246 euntibus
865 4199 891 4245 in
902 4197 1000 4253 Asiam
1012 4195 1068 4243 vids
1079 4196 1168 4261 Polyb.
1182 4197 1245 4253 XX,

217 4277 241 4326 3.
261 4276 399 4342 Philippum
416 4288 441 4325 es
459 4276 554 4335 Nais‘n,
580 4277 690 4341 quumvis
738 4278 911 4338 133xx1‚9‚
927 4272 1070 4338 nappin.
1084 4274 1192 4339 Sym&
1206 4274 1244 4321 Li·

181 4354 275 4413 hosus,
286 4367 332 4405 etc.
735 4355 788 4402 vius
803 4354 875 4415 hujus
892 4354 925 4402 sei
942 4355 1045 4418 primam
1064 4368 1129 4401 nunc
1143 4353 1245 4400 mentio-

217 4443 242 4491 4.
264 4435 376 4501 Phiiippo
398 4435 496 4500 quidem
521 4452 587 4484 armo
606 4435 690 4500 priore
734 4451 789 4483 nem
808 4435 873 4484 iscis.
887 4433 1028 4481 -.1¹'i1ium
1041 4431 1147 4480 absidem
1164 4430 1242 4478 reddi-

179 4513 254 4564 ceiam
278 4513 421 4578 stipendium
446 4515 587 4573 remissum,
616 4518 689 4563 immo
735 4512 1134 4573 erungvideleUVi‚35‚n.
1147 4511 1172 4565 6.
