2722 5040
209 718 281 802 444
627 720 667 786 r.
698 719 838 786 nvn
1117 697 1246 814 att:

208 868 224 901 «
241 836 355 926 libus,
368 852 446 910 tuta
459 839 537 911 est?
551 839 588 910 Si
601 839 677 909 iem
692 836 737 927 ad
751 835 898 909 fratrem
911 838 1100 927 invitatus,
1119 841 1272 912 morien·

208 949 327 1019 «dum
346 965 400 1020 est
417 976 424 1017 :
443 952 472 1021 si
488 974 660 1048 recepero
678 950 773 1019 intra
786 949 934 1043 januam
950 950 1181 1021 comissatum
1200 948 1270 1022 lra-

208 1074 352 1148 «trem,
380 1060 608 1132 moriendum
637 1074 701 1131 est.
731 1063 807 1130 Nec
834 1058 975 1146 eundo,
1002 1084 1071 1130 nec
1089 1061 1272 1133 manendo

208 1200 225 1235 4
240 1170 386 1241 insidias
402 1172 508 1242 evito.
524 1174 608 1262 Quo
624 1195 682 1241 me
695 1169 900 1241 conferam?
912 1170 1010 1241 Nihil
1023 1185 1153 1269 praeter
1166 1170 1271 1257 deos,

207 1295 362 1378 «pater,
386 1295 423 1351 et
445 1295 482 1352 te
506 1281 625 1352 colui:
644 1307 719 1351 non
744 1286 926 1351 Romanos
950 1279 1088 1369 babeo,
1108 1281 1153 1351 ad
1179 1306 1272 1379 quos

207 1387 463 1488 «confugiam
481 1394 614 1488 perisse
636 1405 830 1489 expetunt,
850 1393 934 1487 quia
953 1392 1024 1461 tuis
1046 1391 1189 1485 injuriis
1206 1392 1272 1463 do-

208 1529 225 1563 «
240 1499 318 1587 le0,
333 1503 419 1597 quia
433 1501 500 1572 tibi
517 1502 701 1600 ademptas
717 1515 772 1572 tot
788 1499 915 1587 urbes,
935 1514 989 1571 tot
1004 1514 1148 1597 gentes,
1163 1499 1273 1570 modo

209 1608 395 1682 «Thraciae
414 1614 628 1683 maritimam
643 1637 761 1698 oram,
779 1611 964 1708 indign0r;
981 1635 1048 1681 nec
1061 1635 1142 1698 me,
1157 1624 1273 1681 necte

209 1748 226 1783 4
240 1720 430 1809 incolumi,
445 1722 695 1794 Macedoniam
707 1747 807 1794 suam
821 1719 980 1792 futuram
994 1735 1151 1819 sperant.
1167 1721 1273 1791 sime

209 1831 356 1902 «scelus
380 1832 517 1920 fratris,
539 1849 575 1905 te
599 1847 784 1918 senecen,
804 1831 1064 1929 absumpserit,
1085 1846 1147 1902 aut
1169 1858 1215 1903 ne
1234 1855 1274 1902 ea

209 1971 225 2005 4
240 1941 386 2037 quidem
406 1959 609 2043 exspectata
626 1942 755 2032 suerit3
776 1968 899 2041 regem
916 1968 1145 2041 regnumque
1160 1947 1275 2014 Mace·

210 2079 227 2113 4
241 2050 358 2128 doniae
375 2080 438 2125 sna
455 2054 577 2126 lutura
594 2057 723 2126 sciunt.
748 2056 783 2126 Si
800 2053 889 2151 quid
908 2069 1007 2125 extra
1025 2053 1274 2125 Macedoniam

211 2159 309 2231 «tibi
326 2167 478 2235 Romani
496 2165 742 2262 reliquissent,
765 2164 856 2234 mibi
880 2189 1029 2261 quoque
1052 2163 1089 2234 id
1109 2164 1273 2235 relictum

211 2272 425 2344 «crederem
454 2276 734 2374 receptaculum.
767 2279 813 2345 At
842 2276 880 2343 in
904 2272 1165 2346 Macedonibus
1192 2274 1275 2344 satis

212 2411 228 2445 4
244 2383 397 2479 praesidii
412 2400 475 2456 est.
494 2386 622 2457 Vidisti
639 2385 809 2457 hesterno
824 2384 883 2454 die
897 2385 1073 2482 impetum
1087 2384 1124 2453 in
1140 2406 1199 2452 me
1214 2383 1274 2451 mi·

211 2491 356 2564 «litum.
379 2495 475 2586 Quid
494 2497 563 2567 illis
581 2495 714 2583 deluit,
732 2497 801 2566 nisi
817 2493 979 2566 serrum?
998 2492 1106 2584 Quod
1125 2490 1196 2562 illis
1214 2491 1274 2563 de·

212 2599 311 2673 «luit
338 2606 520 2691 interdiu,
552 2609 710 2678 convivae
741 2606 858 2677 fratris
890 2619 1001 2676 noctu
1031 2617 1273 2702 sumpserunt.

211 2740 228 2775 «
242 2713 338 2803 Quid
357 2713 401 2786 de
419 2741 548 2814 magna
567 2732 667 2814 parte
686 2719 891 2816 principum
911 2716 1057 2811 loquar,
1071 2716 1136 2811 qui
1153 2717 1190 2784 in
1208 2719 1274 2784 Ro·

211 2853 228 2886 «
242 2827 358 2894 manis
373 2849 474 2923 spem
489 2852 636 2898 omnem
649 2827 830 2925 dignitatis
845 2842 882 2898 et
895 2825 1048 2896 fortunae
1062 2837 1274 2923 posuerunt,

212 2964 228 2998 4
244 2948 279 3005 et
298 2936 336 3005 iu
357 2961 419 3021 e0,
438 2939 501 3034 qui
520 2940 642 3009 omnia
660 2938 758 3037 apud
777 2944 958 3008 Romanos
972 2936 1114 3033 potest?
1132 2939 1274 3032 Neque,

212 3075 227 3109 4
242 3047 412 3137 Hercule,
425 3049 534 3120 istum
549 3050 637 3119 mihi
651 3064 792 3120 tantum
806 3047 908 3119 fratri
920 3046 1068 3141 majori,
1084 3044 1147 3116 sed
1162 3068 1275 3143 prope

212 3170 320 3243 «est,
346 3171 386 3227 ut
410 3156 475 3227 tibi
499 3184 649 3256 quoqne
675 3161 764 3257 ipsi,
785 3161 861 3257 regi
883 3174 920 3230 et
939 3159 1052 3256 patri,
1072 3154 1273 3255 presserant.

211 3270 314 3338 «Iste
339 3269 436 3338 enim
460 3283 532 3356 est,
556 3271 660 3366 cujus
684 3267 864 3339 beneficio
882 3291 1029 3365 poenam
1047 3265 1115 3337 tibi
1132 3279 1275 3338 senatus
1333 3350 1335 3357 s

212 3405 230 3442 4
244 3380 415 3469 4444444444,
430 3383 494 3477 qui
510 3406 608 3452 nunc
623 3396 658 3452 te
671 3378 717 3452 ab
732 3382 839 3450 armis
853 3378 1013 3449 romanis
1027 3379 1201 3474 protegit,
1214 3375 1276 3472 qui

213 3516 229 3551 4
245 3502 341 3559 tuam
360 3506 582 3562 senectutem
599 3490 789 3588 obligatam
806 3503 842 3560 et
861 3488 1055 3560 obnoxiam
1070 3487 1274 3557 adolescen-

212 3629 229 3663 4
244 3600 301 3669 tiae
319 3625 391 3671 suae
410 3627 487 3673 esse
505 3627 649 3699 aequum
667 3614 799 3672 censet.
819 3604 889 3670 Pro
908 3600 977 3670 isto
995 3597 1149 3667 Romani
1164 3609 1275 3679 stant,

213 3739 230 3772 4
245 3733 313 3805 pro
332 3713 400 3781 isto
419 3736 546 3783 omnes
562 3711 671 3782 urbes
687 3725 750 3780 tuo
762 3710 917 3808 imperio
931 3707 1110 3792 liberatae,
1127 3730 1195 3804 pro
1209 3707 1276 3777 isto

213 3849 230 3882 4
243 3822 481 3910 Macedones,
500 3825 564 3920 qui
583 3848 668 3922 pace
684 3845 834 3892 romana
854 3818 1023 3919 gaudent.
1040 3816 1130 3887 Mihi
1147 3829 1278 3914 praeter

213 3959 229 3993 «
245 3944 302 4015 te,
323 3948 441 4028 pater,
460 3933 548 4030 qnid
567 3958 720 4030 usquam
740 3948 801 4002 aut
819 3932 915 4029 spei,
934 3943 997 4000 aut
1011 3927 1167 4027 praesidii
1183 3926 1258 3997 est?

260 4045 321 4111 XI.
344 4047 457 4132 «Quo
482 4058 643 4141 spectare
666 4045 743 4115 illas
766 4043 885 4114 literas
906 4040 952 4111 ad
978 4056 1013 4110 te
1037 4063 1137 4109 nunc
1156 4039 1277 4108 missas

247 4303 270 4350 4.
287 4297 357 4360 cnjm
366 4295 480 4362 beneficio
489 4312 587 4360 poenam
598 4297 642 4347 tibi
652 4312 720 4347 sena·
763 4293 1020 4356 videad111‚39‚n.
1035 4309 1058 4341 1.
1072 4319 1107 4328 -
1118 4294 1166 4339 Pro
1177 4290 1224 4338 isto
1233 4291 1279 4336 llo·

212 4376 720 4439 eresremr'sit;videadXXK11,47.-
764 4374 833 4421 mani
845 4384 927 4431 stant,
943 4389 992 4436 pro
1006 4372 1052 4420 istc
1065 4381 1131 4419 stant
1145 4385 1227 4417 omnes
1240 4385 1276 4414 un

214 4454 353 4505 Obnoxiam
362 4455 546 4516 adolescentie,
559 4459 717 4518 idolescenti3
765 4455 818 4511 bet,
829 4465 876 4500 εἴθ·
892 4452 948 4499 'lde
960 4451 993 4500 ld
1006 4453 1081 4512 VIII,
1098 4451 1145 4509 34,
1160 4466 1185 4496 ΙΙ·
1205 4462 1226 4495 ¹·
