2722 5040
171 795 291 912 ὓῐὲῑέζὲῑ
350 820 539 917 ,crasa
573 819 650 885 xi..
677 821 784 887 car.
810 818 946 885 xnrv.
1139 817 1208 890 503

147 954 340 1037 quaternos
356 936 506 1032 jubebat
524 940 646 1010 creari.
669 941 713 1010 Hi
733 937 833 1024 sacti,
851 940 916 1007 Cn.
935 938 1124 1011 Cornelius
1138 942 1210 1012 Sci-

146 1052 225 1148 pio,
244 1055 284 1122 C.
304 1050 466 1121 Valerius
490 1052 674 1137 Laevinus,
693 1052 739 1139 Q.
759 1063 796 1121 et
812 1052 848 1118 P.
870 1050 979 1118 Mucii
995 1052 1039 1139 Q.
1060 1054 1096 1118 F.
1118 1054 1210 1122 Scae·

145 1160 240 1231 rolae.
261 1164 306 1251 Q.
325 1159 451 1231 Fulvio
475 1175 511 1231 et
535 1165 574 1231 L.
598 1160 733 1232 Manlio
757 1157 966 1230 consulibus
986 1158 1110 1231 eadem
1128 1186 1211 1259 pro·

145 1272 279 1357 vincia,
303 1296 383 1367 quae
410 1270 680 1369 superioribus,
706 1273 782 1370 pari
808 1294 960 1340 numero
979 1271 1092 1368 copiae
1108 1272 1212 1368 pedi·

145 1396 237 1467 unu,
248 1383 431 1477 equitum,
446 1382 595 1468 civium,
612 1384 793 1452 sociorum
804 1381 965 1452 decretae.
978 1386 1021 1451 In
1035 1383 1211 1480 Hispaniis

145 1489 285 1562 duabus
311 1492 363 1561 Ti.
393 1493 607 1589 Sempronio
632 1507 668 1563 et
695 1496 733 1562 L.
763 1492 949 1563 Postumio
975 1516 1057 1563 cum
1085 1493 1210 1564 iisdem

145 1599 385 1685 exercitibus,
413 1626 506 1697 quos
532 1601 731 1687 haberent,
759 1618 993 1701 prorogatum
1020 1604 1209 1701 imperium
1271 1592 1273 1596 ⁵

145 1727 215 1782 est:
232 1712 316 1782 etin
332 1711 624 1810 supplementum
639 1713 804 1784 consules
817 1713 973 1784 scribere
984 1713 1075 1808 jussi
1088 1714 1132 1785 ad
1147 1717 1213 1786 tria

144 1822 252 1892 miliia
272 1821 436 1919 peditum
452 1846 708 1912 romanorum,
728 1838 908 1896 trecentos
928 1825 1086 1920 equites,
1111 1827 1213 1922 quiu-

145 1956 216 2028 que
236 1931 348 2002 millia
365 1934 545 2003 sociorum
563 1934 663 2004 latini
684 1935 858 2021 nominis,
879 1947 915 2003 et
930 1932 1213 2031 quadringentos

145 2043 294 2139 equites.
314 2047 349 2112 P.
370 2045 511 2115 Mucius
529 2044 686 2115 Scaevola
706 2043 882 2114 urbanam
901 2045 1048 2115 sortitus
1066 2046 1212 2142 provin-

145 2153 234 2223 ei'am
253 2149 343 2239 est³,
363 2169 399 2224 et
418 2170 460 2225 ut
480 2153 576 2225 idem
595 2170 771 2252 quaereret
791 2153 836 2225 de
855 2153 1036 2224 veneficiis
1055 2155 1091 2223 in
1112 2153 1212 2226 Urbe

145 2277 179 2334 et
192 2265 344 2362 propius
358 2263 494 2336 Urbem
514 2264 640 2336 decem
658 2264 770 2334 millia
787 2287 956 2360 passuum
970 2291 980 2352 ;
999 2269 1063 2335 Cn.
1079 2268 1213 2336 Corne·

144 2371 212 2443 lius
230 2374 350 2471 Scipio
372 2375 618 2471 peregrinam,
637 2377 682 2464 Q.
699 2376 848 2445 Mucius
867 2372 1022 2445 Scaevola
1039 2374 1212 2457 Siciliam,

146 2487 183 2555 C.
208 2483 373 2555 Valerius
399 2486 563 2555 Laevinus
588 2483 797 2555 Sardiniam.
824 2487 869 2574 Q.
894 2482 1039 2554 Fulvius
1064 2485 1212 2569 consul,

140 2592 264 2690 prius,
289 2619 401 2690 quam
424 2594 535 2665 ullam
562 2593 822 2691 rempublicam
845 2610 983 2689 ageret,
1005 2593 1159 2665 liberare
1178 2613 1213 2665 et

144 2729 181 2775 se
204 2719 243 2773 et
263 2704 523 2802 rempublicam
546 2705 741 2800 religione⁴
761 2713 856 2776 votr's
881 2705 1075 2793 solvendis,
1101 2704 1210 2793 dixit,

144 2812 238 2884 velle
253 2839 264 2881 .·
282 2819 442 2899 vovisse,
471 2839 544 2910 quo
576 2814 636 2884 die
657 2832 884 2912 postremum
917 2841 999 2886 cum
1032 2815 1212 2887 Celtiberis

140 2939 356 3019 pugnasset,
368 2924 472 2993 ludos
486 2928 567 2994 lori
583 2929 728 3022 Optimo
738 2931 906 2997 Maximo
923 2944 959 2997 et
971 2926 1083 2997 oedem
1092 2932 1213 3024 Eque-

144 3039 208 3102 stri
230 3038 403 3104 Fortunae
425 3059 502 3104 sese
514 3036 733 3125 facturum:
756 3042 894 3106 ineam
917 3061 994 3105 rem
1016 3035 1087 3104 sibi
1099 3061 1211 3131 pecu-

145 3148 244 3212 niam
262 3142 429 3214 collatam
448 3169 523 3214 esse
539 3143 589 3213 ab
608 3143 818 3241 Hispanae
839 3143 932 3214 Ludi
949 3142 1100 3227 decreti,
1119 3158 1156 3213 et
1170 3160 1213 3213 ut

145 3249 325 3322 duumviri
341 3251 385 3322 ad
403 3252 516 3323 cedem
538 3253 726 3325 locandam
746 3268 962 3325 crearentur.
984 3256 1038 3322 De
1059 3254 1209 3349 pecunia

144 3359 288 3448 finitur,
316 3369 374 3435 Ne
402 3366 522 3459 major
548 3390 661 3434 causa
695 3361 888 3435 ludorum⁶
923 3379 1208 3448 consumeretur,

144 3497 256 3568 quam
281 3490 421 3570 quanta
447 3473 573 3544 Fulvia
596 3473 795 3558 Nobiliori,
810 3489 902 3571 post
917 3472 1113 3545 AEtolicum
1137 3472 1210 3542 bel·

144 3685 253 3743 qurmvis
274 3683 311 3730 Μ.
335 3683 455 3731 Catonern
478 3682 579 3730 suasisse
604 3698 655 3728 eam
736 3681 761 3730 3.
786 3681 910 3728 Urbanam
937 3680 1035 3727 sarritur
1056 3680 1210 3743 provinciam

144 3759 315 3824 colligatum
328 3766 399 3809 Festo
409 3777 466 3811 voc.
476 3762 572 3825 Rogat:
583 3775 656 3822 quem
700 3771 749 3816 αις
760 3758 816 3806 vide
827 3758 859 3806 sd
873 3761 913 3817 11,
928 3767 974 3817 (ιο,
989 3775 1015 3805 n.
1028 3774 1054 3820 9.

144 3847 223 3886 tamen
237 3839 331 3900 locum,
343 3851 370 3886 ut
384 3850 408 3886 et
426 3839 495 3886 illum
506 3838 582 3887 Nonii
599 3854 655 3886 voc.
735 3845 760 3893 ⁴·
770 3837 885 3885 liberare
894 3848 919 3884 et
929 3853 954 3884 se
963 3848 987 3884 et
996 3853 1071 3900 remp.
1081 3837 1211 3902 relr’gione,

144 3918 220 3982 largi
233 3919 242 3983 (
257 3918 318 3966 Cato
337 3919 388 3981 lege
408 3918 509 3966 Boebia:
523 3917 655 3982 pecuniam
699 3915 756 3964 vide
768 3916 799 3964 sd
808 3918 841 3974 V,
852 3917 882 3963 23
893 3950 900 3975 ,
911 3932 936 3963 n.
948 3918 972 3965 8.

144 3994 256 4062 illargiba
270 3996 315 4044 tibi
324 3994 334 4060 )
342 4031 349 4055 ,
358 3997 389 4044 sd
405 3998 470 4062 leges
486 3996 517 4044 do
532 3996 624 4044 ambitu
640 4013 654 4044 a
735 3995 761 4044 5.
772 3997 802 4042 In
813 4011 867 4043 eam
879 4011 929 4041 rem
940 3994 1124 4058 sibipecuniam
1134 3999 1210 4046 colla-

145 4074 171 4121 P.
197 4076 313 4126 Cornelio
337 4076 446 4140 Cethego
465 4088 489 4125 et
511 4078 547 4127 Μ.
571 4076 654 4125 Baebio
699 4088 750 4124 eam
758 4075 790 4122 ab
800 4075 931 4138 Hisponem
943 4075 1009 4122 coni.
1020 4090 1046 4122 n.
1061 4091 1131 4134 7.—
1146 4078 1213 4126 Ludi

144 4152 273 4218 Tamphilo
287 4172 308 4202 a.
322 4156 383 4203 Urb.
400 4156 448 4216 572
465 4157 526 4204 laus
536 4157 545 4220 (
555 4156 612 4204 vide
624 4156 655 4204 sd
698 4154 803 4211 decreti,
824 4166 849 4202 et
865 4165 892 4201 ut
903 4154 1025 4201 duumviri
1035 4154 1072 4202 ad
1083 4155 1160 4203 adem
1173 4156 1212 4206 Io-

144 4232 204 4292 XL,
218 4250 250 4296 19
265 4235 347 4298 extr.)
361 4235 434 4282 reiert
450 4235 534 4297 Sigon.
549 4235 580 4283 de
594 4235 654 4284 rud.
698 4234 806 4283 eandm
822 4246 978 4291 crearerimr5
995 4233 1051 4282 vide
1067 4235 1098 4282 sd
1108 4236 1140 4295 V,
1161 4237 1209 4294 23,

144 4310 184 4369 11,
202 4312 242 4359 30.
256 4313 329 4362 Cous.
342 4312 409 4360 nuk.
425 4313 457 4360 ad
473 4313 498 4360 h.
514 4313 530 4361 Ι.
547 4324 570 4361 et
584 4314 654 4376 Pigh.
699 4314 831 4372 n.s;vn,
843 4316 891 4370 as,
903 4330 930 4360 n.
943 4314 1079 4372 23xxv1,
1090 4313 1140 4369 28,
1151 4329 1210 4365 na.

144 4389 210 4437 Anu.
221 4389 253 4437 sd
267 4406 288 4438 a.
303 4390 352 4449 387
368 4401 393 4438 et
406 4390 467 4451 576.
484 4391 543 4453 Qua
554 4406 601 4456 pro
614 4391 658 4454 qui
736 4392 762 4442 6.
776 4393 856 4440 Causa
868 4392 996 4447 ludorum,·
1006 4389 1063 4437 vide
1074 4388 1105 4436 sd
1117 4391 1153 4445 11,
1164 4391 1211 4447 31,

144 4469 237 4532 primm
248 4468 317 4517 dedit
326 4469 426 4518 Vascos.
436 4496 470 4507 -
483 4470 513 4532 Q.
526 4479 550 4515 et
560 4470 588 4515 P.
600 4471 656 4516 Mu-
700 4486 726 4518 n.
736 4486 762 4518 a.
773 4497 808 4507 —
819 4471 918 4533 erarrta
924 4469 1007 4518 Fulvio
1017 4464 1153 4522 Nobiliori,
1162 4478 1210 4516 etc.

145 4545 178 4593 eii
190 4547 277 4596 intres
288 4548 406 4611 germani.
700 4547 765 4594 coni.
784 4549 913 4606 xxm,
932 4560 974 4592 aa.
994 4572 1027 4582 -
1045 4541 1165 4593 Aduersus
1184 4546 1212 4593 id
