2722 5040
378 329 381 341 Ι

159 688 224 789 tt,
236 689 281 800 {ill
425 707 575 774 sinan
605 704 701 773 xm.
728 704 831 770 cnr.
857 705 900 770 v.
1138 700 1208 788 543

132 851 217 898 rore
233 851 273 896 ac
287 824 445 895 tumultu
458 878 467 912 ,
486 848 560 895 non
575 823 745 921 Aquileia
758 820 886 909 modu,
901 820 966 892 sed
978 826 1100 893 Romae
1115 846 1203 920 quo

133 963 207 1033 que
233 950 314 1034 post
336 954 469 1033 paucos
493 933 587 1020 dies,
608 934 864 1031 impleverunt3
882 955 977 1028 qun,
1002 956 1076 1002 non
1099 948 1202 1031 capta

134 1060 274 1116 tantum
291 1041 461 1116 castraab
476 1041 662 1131 hostibus,
682 1066 749 1113 nec
762 1041 866 1138 fuga,
885 1063 966 1136 quae
980 1062 1064 1111 vera
1079 1058 1203 1128 erant,

134 1154 199 1227 sed
217 1155 374 1254 perditas
393 1177 451 1224 res
467 1151 700 1248 deletumque
720 1151 916 1222 exercitum
931 1170 1097 1258 omnem,
1116 1149 1201 1221 alla-

136 1281 212 1337 tum
228 1279 291 1336 est.
307 1269 455 1360 ltaque,
470 1261 593 1386 quod
586 1285 621 1330 1n
636 1259 794 1330 tumultu
807 1256 887 1330 fieri
900 1247 1028 1345 solet²,
1040 1257 1201 1330 delectus

134 1390 235 1448 extra
254 1374 437 1461 ordinem,
458 1395 532 1442 non
552 1372 588 1441 in
607 1368 707 1442 Urbe
725 1383 888 1457 tantum,
907 1367 971 1441 sed
991 1382 1066 1441 tota
1082 1368 1198 1453 Italia,

135 1484 269 1554 indicti.
286 1486 374 1553 Duae
389 1481 546 1579 legiones
561 1480 692 1551 civium
714 1503 950 1551 romanorum
971 1481 1197 1577 conscriptas,

135 1609 171 1665 et
198 1593 335 1665 decem¹
350 1590 460 1662 millia
488 1589 650 1690 peditum
678 1613 761 1661 cum
786 1587 970 1686 equitibus
994 1590 1198 1687 quingentis

135 1705 239 1775 sociis
257 1703 412 1773 nominis
430 1701 529 1772 latini
546 1703 728 1798 imperata.
744 1703 792 1770 M.
809 1702 937 1770 lunius
950 1701 1198 1772 consultrans·

136 1817 186 1886 ire
201 1815 237 1883 in
255 1812 423 1895 Galliam,
439 1825 475 1883 et
489 1809 535 1882 ab
549 1809 751 1892 civitatibus
764 1810 957 1907 provinciae
972 1809 1062 1903 ejus,
1081 1835 1197 1906 quan·

135 1940 212 1995 tum
235 1948 388 2020 quaeque
415 1937 556 2020 posset,
584 1920 738 1992 militum
764 1920 908 2018 exigere
929 1921 1059 2015 jussus.
1084 1921 1195 1992 Simul

135 2033 340 2121 decretum,
361 2045 402 2102 ut
424 2034 475 2102 Ti.
502 2030 674 2102 Claudius
700 2045 833 2128 praetor
852 2030 1026 2105 militibus
1048 2031 1195 2127 legionis

134 2157 269 2240 quartae
294 2157 330 2213 et
357 2144 495 2214 socium
522 2141 624 2213 latini
649 2141 803 2211 nominis
829 2143 992 2238 quinque
1019 2140 1194 2223 millibus,

135 2253 318 2349 equitibus
346 2251 511 2324 ducentis
538 2252 820 2349 quinquaginta,
842 2251 937 2323 Pisas
961 2266 1002 2322 nt
1027 2255 1193 2323 conveni-

135 2376 236 2448 rent,
251 2362 429 2449 ediceret,
444 2382 597 2459 eamque
609 2363 850 2458 provinciam,
869 2361 958 2432 dum
969 2361 1095 2433 consul
1110 2363 1194 2435 inde

134 2471 274 2543 abesset
283 2486 505 2560 t,utaretur;
524 2475 572 2542 Μ
594 2473 748 2543 Titinius
761 2469 916 2571 praetor³
929 2473 1106 2570 legionem
1121 2477 1194 2573 pri·

135 2605 250 2663 mam,
270 2606 391 2678 parem
414 2605 605 2653 numerum
627 2583 809 2656 sociorum
830 2582 994 2683 peditum
1016 2586 1195 2682 equitum·

135 2716 230 2787 qne,
258 2693 457 2762 Ariminum
486 2693 678 2763 convenire
680 2682 854 2872 sjubar-et.
884 2699 980 2768 Nero
1004 2694 1194 2793 paludatus

135 2803 254 2872 Pisas
245 2828 281 2872 in
301 2804 520 2901 provinciam
538 2816 591 2873 est
609 2827 678 2902 pro
680 2800 804 2874 s.ectus
821 2796 996 2892 litinius,
1016 2810 1055 2877 C.
1070 2807 1193 2877 Cassio

135 2911 283 2983 tribuno
313 2913 486 2985 rnilitum
499 2916 722 2998 Ariminum,
751 2916 815 3010 qui
843 2928 1009 3012 praeesset
1036 2914 1192 3009 legioni,

135 3022 263 3108 misso,
285 3021 464 3094 delectum
482 3029 605 3095 Romae
624 3023 760 3096 habuit.
776 3029 823 3094 M.
840 3026 967 3121 iunius
987 3023 1130 3107 consul,
1149 3048 1191 3094 ex

135 3130 347 3225 Liguribus
338 3158 375 3203 in
388 3137 609 3232 provinciam
624 3134 772 3206 Galliam
787 3147 1042 3228 transgressus,
1054 3133 1194 3205 auxiliis

135 3256 309 3336 protenus
328 3268 393 3341 per
408 3247 567 3317 civitates
581 3244 704 3317 Galliae
720 3240 965 3338 militibusque
979 3236 1139 3312 colonis
1130 3267 1193 3312 un·

126 3486 193 3550 suga
205 3486 370 3533 Romanorum
383 3487 463 3535 allata
477 3501 524 3545 est,
537 3488 582 3536 sed
588 3504 643 3552 pen
685 3489 771 3538 Ceteri
782 3488 846 3536 enim
859 3499 975 3551 pretores
986 3498 1044 3535 tune
1057 3487 1082 3535 in
1092 3489 1193 3551 provin-

135 3565 199 3612 ditas
210 3581 247 3611 res
264 3581 314 3612 esse
327 3565 429 3613 allatum
443 3579 496 3624 est,·
510 3567 578 3631 quod
589 3584 642 3615 ver·
686 3571 735 3617 eim
745 3568 849 3633 proiecti
859 3585 910 3616 esse
924 3566 1051 3615 debebant.
1061 3569 1143 3630 Quum
1153 3584 1193 3615 nu·

135 3644 194 3692 bum
216 3643 311 3701 Livius,
332 3644 374 3709 qui
394 3646 529 3694 orationem
551 3645 643 3695 vsrisre
686 3659 734 3696 tem
744 3663 799 3711 cap.
807 3662 857 3709 seq.
865 3647 901 3695 M.
909 3645 1015 3694 Titinius
1023 3644 1192 3695 dicetensem·
1230 3701 1233 3709 ¹
1276 3627 1279 3651 ¹

135 3734 213 3781 amet,
233 3725 338 3788 primum
366 3725 533 3782 nominativo,
555 3725 643 3774 deinde
686 3737 737 3774 turn
752 3725 847 3774 dedisse
858 3725 1003 3788 Sempronio
1016 3735 1041 3772 et
1053 3725 1193 3787 Postumio,

134 3801 256 3852 infinitivo
266 3803 358 3865 junxit.
375 3805 433 3852 Post
443 3802 510 3869 suge
525 3804 643 3852 excidisse
686 3804 753 3868 quod
771 3820 859 3852 munus
871 3814 907 3851 est
925 3805 1036 3866 praetoris
1048 3803 1134 3852 urbem
1151 3805 1194 3853 sb-

135 3880 230 3929 deserta
241 3882 343 3946 putabat
358 3883 410 3930 Jse.
427 3883 503 3931 Perit.
520 3893 544 3931 et
557 3883 643 3931 milites
686 3885 795 3932 sentibus
818 3882 973 3944 consulibus,
989 3883 1107 3933 iudicavit
1127 3885 1193 3934 idem

135 3961 319 4009 evasisseDrslr.
643 3984 645 3988 ·
687 3962 911 4027 Pighinsurbsnsm
923 3963 1117 4023 jurisdictionem
1131 3965 1193 4012 Titi-

169 4041 312 4102 mandin
326 4039 577 4107 mmulmfierisolet‚
591 4049 639 4088 etr.
686 4043 728 4089 nio
746 4040 874 4105 obtig‘sse‚
892 4041 996 4089 Claudio
1018 4044 1110 4091 Neroni
1129 4044 1194 4091 iuter

135 4117 190 4166 ride
202 4120 233 4166 sd
244 4122 285 4175 11,
300 4120 350 4178 26,
363 4135 387 4166 n.
405 4136 426 4167 r.
438 4147 470 4155 -
484 4121 510 4168 T.
526 4119 641 4168 Claudius
684 4121 749 4168 eives
758 4131 782 4167 et
789 4121 936 4185 peregrinos.
944 4122 988 4168 En.

132 4208 231 4261 praetor.
244 4201 281 4245 Ex
294 4198 341 4246 hoe
355 4198 425 4255 loeo,
436 4209 463 4246 ut
475 4209 557 4247 monet
569 4201 640 4249 Cret.
722 4201 746 4246 i.
756 4201 789 4246 M.
805 4199 905 4248 Titinius
916 4213 1011 4264 proetor
1023 4201 1136 4248 urbanus.
1152 4200 1190 4247 Cf.

136 4286 257 4338 praeeunte
267 4276 380 4333 Dotem,
390 4288 455 4326 reete
466 4278 560 4342 colligit
568 4277 638 4341 Pigb.
684 4278 776 4326 Duker.
790 4306 825 4315 -
833 4279 972 4328 Ariminum
988 4278 1112 4327 convenire
1119 4277 1193 4342 jube·

136 4354 212 4413 hunc,
221 4366 245 4401 et
255 4356 291 4403 M.
301 4355 434 4413 Titinium,
444 4358 486 4421 qui
495 4357 557 4405 inies
565 4357 642 4405 nomi·
685 4369 736 4414 ναις
749 4358 812 4406 Dan.
829 4359 944 4408 Heinsius
954 4357 1020 4422 apud
1030 4357 1132 4405 Elsevir.
1140 4356 1191 4404 edi-

135 4445 214 4491 natur‚
225 4435 273 4494 iuri
283 4435 307 4480 in
318 4436 385 4483 Urbe
394 4436 502 4486 dicundo
511 4438 640 4501 prael'nisse.
687 4437 723 4485 dit
738 4439 856 4495 Arimiai‚·
873 4438 915 4487 sed
931 4437 997 4486 coni.
1015 4436 1046 4483 sd
1064 4433 1136 4482 Drsl.
1148 4436 1191 4498 qei
