2722 5040
82 25 1340 407 ss

167 850 291 955 &53:23
322 873 406 941 un.
431 874 590 940 xxxix.
617 873 713 941 cir.
738 875 898 943 xxxvi.
923 878 1100 947 xxxvu.
1142 874 1211 948 385

141 995 370 1082 «accusatis,
391 1018 467 1064 non
483 1008 661 1065 nostrum.
675 995 825 1069 Exsules
841 996 1214 1083 Lacedaemoniorum,

141 1128 252 1202 «quo
278 1105 316 1174 in
343 1128 497 1175 numero
522 1104 560 1174 hi
594 1128 744 1202 quoque
769 1104 845 1177 duo
870 1105 1036 1195 fuerunt,
1067 1124 1103 1181 et
1126 1124 1216 1181 tune

142 1245 160 1279 α
174 1213 369 1286 nobiscum
392 1228 516 1303 erant,
539 1229 597 1301 et,
623 1215 723 1312 quod
745 1215 967 1289 domicilium
986 1218 1053 1290 sibi
1076 1218 1218 1318 delege-

143 1356 161 1392 α
175 1340 260 1396 rant
278 1325 456 1395 maritima
476 1323 630 1422 oppida,
645 1349 682 1396 se
699 1328 832 1424 petitos
851 1326 1059 1416 credentes,
1080 1330 1118 1399 in
1137 1354 1218 1415 eos,

146 1466 163 1501 ι
176 1460 340 1534 quorum
369 1458 480 1532 opera
508 1437 623 1532 patria
651 1449 813 1507 extorres
836 1462 883 1508 ne
911 1439 950 1509 in
970 1452 1051 1510 tuto
1069 1439 1217 1535 quidem

146 1547 307 1619 «exsilio
328 1569 432 1644 posse
453 1570 711 1617 consenescere
730 1571 769 1617 se
791 1545 1088 1645 indignabantur,
1111 1551 1222 1648 impe·

147 1686 164 1721 ι
178 1671 260 1728 tum
288 1654 467 1727 fecerunt.
491 1655 752 1726 Lacedaemonii
775 1658 884 1753 igitur
905 1658 1221 1746 Lacedaemonios,

147 1797 165 1833 κ
179 1793 256 1838 ιιοιι
271 1764 409 1852 Acbaei,
428 1764 711 1835 interfecerunt:
731 1789 797 1835 nec
808 1767 911 1860 ,jure
927 1792 973 1839 an
994 1769 1125 1865 injuria
1144 1772 1223 1840 caesi

148 1908 166 1944 α
180 1880 274 1961 sint,
293 1877 536 1973 argumentari
552 1872 673 1944 refert.

199 1990 380 2059 xxxvll.
401 1988 475 2055 «At
495 1986 593 2056 enim
615 1983 676 2055 illa
698 1998 795 2056 certe
815 2001 931 2058 vestra
952 2004 1059 2076 sunt,
1080 1989 1222 2074 Achaei,

150 2129 168 2164 a
183 2097 285 2195 quod
316 2096 414 2193 leges
440 2092 737 2191 disciplinamque
764 2097 1042 2168 vetustissimam
1072 2100 1226 2195 Lycurgi

150 2205 399 2289 «sustulistis,
420 2203 522 2301 quod
549 2227 675 2274 muros
700 2203 871 2277 diruistis.
895 2208 983 2298 Quae
1005 2222 1162 2305 utraque
1179 2208 1225 2280 ab

150 2316 313 2389 «iisdem
333 2315 444 2411 objici
467 2315 532 2412 qui
557 2315 732 2412 possunt?
751 2340 865 2413 quum
888 2319 983 2388 muri
1000 2318 1227 2390 Lacedaemo-

151 2459 170 2494 «
184 2430 254 2499 niis
276 2452 352 2499 non
378 2423 425 2497 ab
449 2429 636 2522 Lycurgo,
660 2413 744 2496 sed¹
770 2448 905 2523 paucos
934 2441 1017 2499 ante
1040 2451 1155 2498 annos
1181 2429 1227 2498 ad

152 2535 449 2611 «dissolvendam
467 2537 622 2632 Lycurgi
636 2534 862 2633 disciplinam
875 2540 1046 2608 exstructi
1058 2541 1138 2609 sint.
1154 2542 1226 2635 Ty·

155 2649 291 2720 «ranni
310 2649 407 2719 enim
424 2670 543 2744 nuper
562 2670 641 2732 eos,
661 2668 779 2715 arcem
800 2659 836 2715 et
853 2648 1120 2718 munimentum
1138 2646 1227 2734 sibi,

156 2791 174 2826 ι
189 2783 264 2831 ιιοιι
281 2759 437 2843 civitati,
451 2769 679 2854 paraverunt.
698 2759 761 2842 Et,
780 2757 809 2827 si
824 2759 969 2829 exsistat
983 2757 1092 2829 hodie
1110 2757 1157 2829 ab
1173 2759 1228 2828 in·

156 2900 174 2937 ι
189 2869 273 2941 leris
291 2873 515 2964 Lycurgus²,
540 2865 695 2963 gaudeat
716 2868 832 2938 ruinis
851 2889 999 2956 eorum,
1018 2883 1055 2940 et
1072 2892 1172 2940 nunc
1190 2895 1229 2940 se

156 2982 340 3078 «patriam
360 2993 396 3050 et
416 2983 581 3075 Spartam
600 2980 787 3075 antiquam
801 3002 1001 3074 agnoscere
1019 2977 1124 3049 dicat.
1145 2982 1230 3049 Non

157 3088 498 3186 «Philopoemenem
526 3101 755 3186 exspectare,
783 3112 852 3160 nec
877 3088 1047 3171 Achaeos,
1076 3087 1138 3158 sed
1164 3112 1230 3156 vos

160 3231 177 3265 α
191 3201 280 3297 ipsi,
305 3197 587 3284 Lacedaemonii,
612 3200 739 3269 vestris
765 3197 930 3270 manibus
952 3198 1091 3269 amoliri
1116 3211 1152 3268 et
1175 3197 1230 3266 di-

160 3333 296 3380 aruere
327 3309 450 3379 omnia
479 3306 678 3403 tyrannidis
707 3307 854 3404 vestigia
881 3304 1065 3378 debuistis.
1094 3311 1229 3377 Vestrae

160 3451 178 3485 α
192 3421 288 3491 enim
308 3419 376 3489 illa.
391 3418 573 3490 deformes
589 3417 699 3489 veluti
715 3418 897 3488 cicatrices
911 3417 1093 3486 servitutis
1108 3431 1229 3498 erant;

161 3562 178 3596 «ι
193 3544 249 3616 et,
273 3554 388 3627 quum
411 3529 488 3599 sine
513 3529 625 3599 muris
646 3552 711 3626 per
729 3527 960 3624 octingentos
979 3548 1095 3622 prope
1116 3550 1231 3595 annos

163 3673 180 3706 α
196 3639 318 3725 liberi,
338 3637 536 3736 aliquando
557 3639 664 3709 etiam
686 3638 869 3734 principes
890 3637 1033 3731 Graeciae
1055 3633 1230 3718 fuissetis,

163 3781 181 3816 α
195 3751 328 3831 muris,
355 3747 454 3819 velut
481 3745 742 3845 compedibus,
773 3741 1001 3817 circumdatis
1028 3746 1139 3816 vincti
1165 3771 1232 3845 per
1288 3837 1292 3850 .

163 3875 340 3930 «centum
370 3885 486 3930 annos
516 3858 684 3929 servistis.
713 3857 823 3947 Quod
852 3855 897 3926 ad
925 3855 1020 3950 leges
1046 3854 1232 3953 ademptas

164 3971 339 4053 «attinet,
361 3995 428 4067 ego
449 3969 614 4065 antiquas
639 3965 917 4038 Lacedaemoniis
943 3962 1038 4061 leges
1060 3978 1234 4062 tyrannos

164 4077 371 4151 «ademisse
389 4077 562 4164 arbitror3
578 4102 645 4149 nos
661 4102 735 4148 non
750 4101 831 4147 suas
846 4074 1037 4160 ademisse,
1052 4101 1142 4172 quas
1157 4103 1234 4148 non

164 4220 181 4254 α
196 4188 398 4276 habebant,
416 4187 479 4259 sed
498 4202 639 4258 nostras
658 4186 754 4284 leges
773 4185 932 4272 dedisse3
952 4210 1021 4257 nec
1038 4186 1131 4257 male
1149 4212 1235 4258 con·

203 4382 412 4430 Canssxvll.
423 4379 679 4429 1.Muri!,aeedoemc·
761 4377 819 4425 a.St‘
828 4377 935 4425 exsistat
948 4376 1021 4425 hodie
1039 4379 1071 4426 ab
1088 4377 1170 4444 inseris
1190 4380 1236 4432 L,-

167 4460 215 4507 m'is
232 4476 281 4507 ιιοιι
296 4461 329 4507 ab
350 4463 475 4522 Lycurgo,
490 4458 546 4514 sed,
560 4469 608 4505 stc.
624 4458 680 4504 vide
724 4456 780 4506 vide
790 4456 821 4505 nd
830 4459 914 4518 m,
924 4473 954 4504 ar
966 4492 974 4515 ,
986 4475 1010 4504 n.
1022 4444 1045 4505 3.
1055 4457 1152 4503 —Sine
1161 4456 1235 4502 muris

167 4538 199 4587 ad
213 4540 338 4596 xxm,
352 4539 402 4596 tt,
420 4552 481 4586 n.1.
500 4535 682 4591 uoedaemone's
723 4552 769 4601 per
779 4536 866 4585 DCCC
871 4551 949 4600 prope
959 4551 1037 4582 annos
1047 4534 1117 4582 liberi
1124 4533 1238 4593 nisius,

167 4618 268 4680 quidm
281 4619 380 4667 mesu
393 4614 449 4664 odd.
460 4616 554 4681 prinec.
727 4626 803 4680 puto,
821 4631 898 4662 annos
912 4625 1053 4676 computare
1071 4612 1186 4675 insopita
1199 4628 1238 4661 re·

277 4705 358 4772 VII.
1077 4695 1121 4766 25
