2722 5040
142 815 266 929 2:522}ss
412 837 563 904 nrnnn
593 839 670 904 xe.
697 838 800 904 ese.
827 838 870 902 v.
1107 833 1177 918 433

117 960 295 1027 Ceterum
316 978 431 1050 quum
456 979 494 1024 sc
514 980 558 1025 ne
578 955 678 1025 adid
702 953 870 1051 quidem,
889 953 988 1051 quod
1010 954 1181 1028 muliebri

116 1063 297 1163 cogitabat
320 1064 461 1152 animo,
484 1065 567 1134 satis
586 1089 651 1161 per
672 1089 709 1135 se
726 1063 885 1134 validum
904 1064 1086 1153 crederet,
1109 1067 1178 1140 sin·

116 1174 219 1272 gulos
242 1175 439 1244 amicorum
464 1177 575 1271 patris
599 1189 737 1246 tentare
756 1174 984 1246 sermonibus
1002 1176 1180 1273 perplexis

117 1283 244 1356 institit
254 1293 280 1352 ².
302 1286 345 1352 Et
363 1283 644 1380 primoquidem
663 1309 706 1355 ex
725 1283 780 1355 his
799 1284 1092 1382 adspernantium
1110 1285 1180 1359 tale

118 1392 315 1490 quidquam
340 1393 496 1490 speciem
519 1392 776 1489 praebuerunt,
797 1397 882 1491 quia
899 1394 980 1492 plus
996 1396 1032 1464 in
1052 1400 1182 1467 Deme·

117 1504 276 1600 triospei
292 1502 495 1600 ponebant:
514 1501 666 1589 deinde,
686 1519 869 1575 crescente
882 1506 920 1574 in
936 1505 1012 1576 dies
1024 1504 1181 1603 Philippi

117 1613 201 1685 odio
220 1615 259 1684 iu
276 1618 478 1701 Romanos,
498 1615 557 1686 cui
574 1618 723 1685 Perseus
739 1612 963 1709 indulgeret,
976 1615 1183 1685 Demetrius

118 1749 255 1796 summa
270 1747 340 1820 ope
354 1721 618 1811 adversaretur,
634 1723 894 1821 prospicientes
910 1724 1030 1792 animo
1045 1725 1182 1794 exitum

117 1834 252 1905 incauti
268 1857 288 1903 a
306 1831 432 1905 fraude
448 1831 604 1904 fraterna
618 1832 778 1927 juvenis,
799 1831 1063 1927 adjuvandum,
1081 1832 1184 1930 quod

117 1942 279 2014 loturum
306 1956 400 2028 erat,
422 1945 511 2028 rati,
535 1941 804 2040 fovendamque
826 1966 927 2038 spem
948 1944 1182 2038 potentioris,
1223 2004 1228 2012 .

118 2059 247 2125 Perseo
262 2078 300 2125 se
316 2054 529 2151 adjungunt.
546 2059 678 2126 Caetera
696 2055 732 2123 in
753 2077 857 2124 suum
874 2076 1026 2149 quaeque
1041 2066 1184 2149 tempus

117 2164 255 2262 agenda
277 2162 461 2235 differunt.
489 2169 531 2234 In
560 2167 748 2262 praesentia
771 2162 907 2260 placet,
929 2161 1029 2230 omui
1051 2186 1122 2257 ope
1144 2162 1182 2231 in

117 2279 301 2346 Romanos
318 2274 465 2345 accendi
478 2299 617 2372 regern,
630 2273 839 2371 impellique
854 2269 898 2340 ad
913 2269 1060 2340 consilia
1076 2268 1182 2358 belli,

117 2384 160 2456 ad
188 2411 268 2484 quae
287 2385 360 2480 jam
385 2410 448 2455 suu
472 2401 602 2483 sponte
622 2387 781 2455 animum
809 2381 1023 2452 inclinasset.
1049 2379 1182 2466 Simul,

118 2510 158 2565 ut
180 2497 386 2568 Demetrius
408 2497 446 2566 in
469 2496 545 2566 dies
567 2495 767 2591 suspectior
786 2506 897 2579 esset,
922 2516 965 2561 ex
982 2490 1184 2589 composito

117 2630 303 2676 sermones
318 2604 364 2675 ad
381 2607 601 2702 spretionem
618 2597 889 2675 Romanorum³
907 2600 1108 2672 trahebant.
1129 2601 1184 2672 Ibi

119 2738 231 2811 quum
256 2713 316 2783 alii
338 2738 457 2785 mores
478 2729 514 2784 et
538 2715 699 2784 instituta
725 2737 872 2798 eorum,
892 2710 951 2781 alii
971 2737 1029 2783 res
1048 2729 1184 2811 gestus,

119 2823 176 2893 alii
197 2824 352 2921 speciem
381 2825 492 2921 ipsius
519 2824 641 2913 urbis,
668 2823 832 2894 nondum
859 2839 1039 2894 exornatte
1064 2849 1184 2920 neque

119 2932 270 3030 publicis
289 2960 409 3031 neque
428 2936 574 3030 privatis
595 2934 783 3020 locis‚.nlii
802 2934 962 3031 singulos
978 2934 1181 3029 principum

118 3042 306 3114 eluderent
316 3048 355 3132 ⁴„
369 3044 513 3137 juvenis
536 3046 724 3130 incautus,
748 3060 783 3116 et
805 3069 927 3116 umore
948 3043 1105 3112 nominis
1124 3067 1184 3112 ro-

119 3155 232 3238 mani,
253 3169 288 3225 et
307 3156 502 3225 certamine
521 3154 691 3226 adversus
713 3154 879 3237 fratrem,
903 3152 1023 3221 omnia
1045 3150 1183 3220 tuendo

118 3279 325 3362 suspectum
351 3290 388 3335 se
416 3266 507 3362 patri
533 3281 569 3335 et
594 3280 841 3364 opportunum
862 3258 1073 3332 criminibus
1093 3257 1108 3301 ⁵
1131 3258 1181 3329 su-

119 3451 229 3499 mult‘ebri
237 3452 364 3517 cogitabat
373 3454 456 3501 urrirrto
465 3471 475 3511 ;
485 3454 532 3501 tuit
541 3470 629 3517 nempe
674 3454 751 3499 formu
763 3448 787 3499 el
799 3450 898 3498 habitus
911 3449 936 3494 in
948 3446 1033 3493 oeulos
1044 3447 1185 3506 incurrens,

119 3531 218 3580 Perseus
233 3532 314 3580 mollis
330 3545 354 3582 et
371 3534 472 3597 ignavus
484 3532 573 3590 homo,
587 3534 629 3595 qui
674 3531 712 3578 vel
727 3530 833 3594 dignitas
848 3531 1028 3581 Romanorum,
1043 3541 1115 3587 quam
1127 3526 1185 3573 insi·

120 3611 221 3659 consilis
234 3612 413 3676 inibat‚quuliu
424 3612 473 3659 lere
482 3611 567 3658 ineunt
575 3627 628 3657 mu·
673 3609 742 3658 diosc
759 3607 857 3672 quidum
879 3599 1076 3660 memoraverim,
1097 3615 1124 3651 ut
1143 3605 1184 3652 alii

119 3688 197 3738 lieres.
210 3693 255 3738 Eu.
671 3706 722 3736 eum
743 3685 860 3733 irridendi
882 3682 1033 3731 occasionem
1053 3682 1184 3741 habereut,

154 3784 180 3816 s.
192 3768 305 3833 Singulos
327 3768 460 3816 amicorum
477 3766 557 3833 patris
577 3779 627 3814 tert·
672 3779 696 3816 et
705 3769 737 3814 its
747 3769 871 3813 incautum
881 3761 1032 3810 Demetrium
1040 3761 1070 3807 nd
1081 3778 1132 3809 eam
1145 3763 1186 3810 de-

119 3858 173 3894 tare
182 3847 330 3895 sermonibus
338 3849 462 3912 perplexis
475 3845 580 3902 institit;
594 3846 629 3893 vi·
674 3844 819 3895 lendendom
830 3844 952 3890 elicerent.
964 3839 1011 3886 Sed
1023 3856 1107 3888 rocem
1119 3860 1182 3905 spre-

120 3925 204 3973 destur
221 3926 252 3973 sd
272 3928 323 3985 tx,
340 3927 387 3983 ³5,
399 3944 424 3976 n.
447 3943 474 3984 ι,
493 3937 517 3973 et
533 3926 629 3985 xm,
673 3927 762 3973 tionem
776 3939 826 3970 uon
839 3936 922 3985 sapere
936 3921 1098 3982 corruptelam
1113 3921 1186 3972 libre·

121 4006 166 4063 26,
181 4021 241 4065 Μ.
673 4007 779 4060 riorum,
794 4013 818 4049 et
828 4001 894 4065 apud
903 3999 999 4047 Livium
1010 3999 1055 4047 ulia
1066 4002 1185 4061 ejusmodi

156 4086 179 4129 3.
189 4083 232 4130 Ad
238 4085 384 4148 spretionem
393 4088 557 4133 Romanorum
564 4103 574 4141 ,·
584 4084 629 4130 viri
675 4085 771 4131 duriora
788 4097 839 4128 esse
852 4080 1015 4136 substantivo,
1028 4095 1051 4126 r.
1061 4096 1082 4127 c.
1097 4083 1184 4140 cretio,

120 4162 187 4210 docti
200 4178 300 4219 rocem,
314 4180 366 4210 nou
384 4164 442 4211 olibi
456 4165 566 4217 obvium,
579 4179 631 4210 mu·
674 4160 833 4229 contemptio,
855 4157 995 4221 ademptio,
1019 4172 1102 4207 mouet
1125 4162 1184 4210 Eru.

121 4253 170 4291 taut
182 4241 208 4288 iu
219 4259 284 4306 spem
294 4242 304 4306 (
313 4242 380 4305 quod
390 4244 415 4290 in
428 4244 542 4291 omuibus
552 4243 631 4299 MSS,
711 4251 735 4297 t.
754 4239 866 4304 Singulos
880 4237 1020 4303 principum
1044 4238 1184 4296 eluderent,

120 4332 207 4385 praeter
221 4323 281 4369 Lov.
300 4322 324 4382 5,
334 4325 405 4369 etium
419 4324 446 4370 in
455 4325 584 4386 Mogont„
597 4322 631 4368 le·
675 4320 699 4367 h.
711 4337 732 4367 e.
745 4319 885 4377 irriderent,
897 4317 1039 4375 illuderom3
1053 4318 1102 4366 vid.
1111 4321 1130 4375 1,
1142 4321 1185 4378 36,

120 4401 193 4466 gitur,
208 4401 252 4448 sed
269 4402 325 4450 ferri
341 4399 458 4466 nequit),
471 4400 629 4465 contemptio·
675 4416 699 4446 u.
711 4407 771 4458 1,,ει
783 4400 885 4456 ml,
899 4413 942 4459 19,
955 4414 980 4444 ιι.
994 4415 1016 4457 7.
1029 4398 1074 4443 Eo.

120 4495 174 4527 nem
181 4515 190 4540 ,
203 4481 346 4529 mentionem
356 4492 379 4528 et
388 4481 499 4545 speeiem.
511 4481 633 4528 Posterius
712 4479 736 4524 5.
759 4480 926 4543 Opportunum
950 4473 1110 4530 criminibm;
1131 4475 1187 4524 vide

120 4559 209 4623 probat
219 4558 343 4611 Drokenh.
355 4571 382 4608 ut
393 4561 482 4625 species
492 4560 524 4608 sit
533 4570 633 4608 exterus
677 4557 707 4604 ed
718 4560 742 4615 Ι,
757 4557 805 4616 54,
820 4573 846 4603 n.
863 4563 893 4615 ις
905 4557 955 4614 111,
971 4568 1015 4613 19,
1028 4568 1052 4599 n.
1065 4569 1087 4613 7.

223 4648 303 4715 VII.
996 4638 1041 4706 28
