2722 5040
203 851 232 877 '¹
252 852 273 939 {1
365 859 518 927 LIBER
552 857 730 924 xxxvl.
760 859 865 925 CAl'.
888 859 973 925 Vll.
1158 861 1198 931 15

122 980 344 1078 «cupienti,
366 979 459 1075 regis
482 978 572 1047 iram
593 972 714 1046 verbis
735 973 913 1071 aequabat.
939 979 1052 1073 Cujus
1072 982 1102 1051 si
1122 983 1201 1053 talis

121 1094 300 1161 «artimus
324 1105 395 1173 est,
416 1087 597 1159 solvamus
619 1111 686 1156 nos
707 1087 783 1181 'ejus
806 1086 970 1175 vincula,
994 1104 1029 1160 et
1048 1091 1201 1165 claustra

123 1234 139 1265 a
155 1202 421 1297 refringamus,
450 1213 492 1268 ut
522 1220 714 1293 erumpere
741 1195 804 1264 diu
827 1198 1018 1268 coercitam
1048 1202 1137 1273 iram
1163 1207 1200 1274 in

62 1298 69 1309 ’
124 1312 282 1381 «hostes
301 1332 516 1381 communes
536 1308 647 1405 possit
658 1318 682 1375 ⁷.
698 1305 807 1395 Quod
825 1307 854 1375 si
869 1306 957 1378 nihil
973 1335 1057 1381 enm
1073 1312 1202 1409 legatio

125 1455 141 1487 α
158 1438 285 1494 nostra
303 1422 478 1505 moverit,
494 1434 530 1489 at
551 1443 637 1504 nos,
654 1419 828 1514 quoniam
846 1418 951 1488 nohis
970 1446 1053 1492 eum
1073 1424 1202 1518 adjun-

127 1566 144 1597 ιι
160 1559 248 1631 gere
263 1559 340 1603 non
357 1553 570 1630 possumus,
585 1554 632 1599 ne
651 1527 818 1598 hostibus
833 1532 966 1600 nostris
981 1532 1041 1603 ille
1055 1533 1205 1633 adjungi

127 1643 299 1739 «possit,
326 1662 524 1711 caveamus.
549 1637 721 1707 Seleucus
743 1634 838 1706 filius
863 1652 947 1710 tuns
971 1643 1204 1738 Lysimachiae

126 1784 143 1815 «
158 1768 232 1837 est;
243 1753 307 1849 qui
322 1753 350 1821 si
364 1776 409 1821 eu
422 1750 601 1833 exercitu,
616 1771 725 1843 quem
741 1771 865 1817 secum
879 1745 1007 1833 habet,
1021 1775 1088 1847 per
1098 1752 1205 1824 Thra-

127 1894 145 1924 α
159 1863 252 1931 ciam
270 1863 434 1959 proxima
448 1857 669 1929 Macedonia
683 1858 833 1953 coeperit
851 1856 1084 1956 depopulari,
1101 1860 1204 1935 facile

127 2003 146 2036 α
160 1970 210 2041 ab
232 1971 366 2041 auxilio
391 1967 543 2040 ferendo
569 1968 740 2038 Romanis
763 1965 968 2063 Philippum
989 1968 1032 2037 ad
1054 1994 1117 2041 sua
1137 1997 1205 2069 po-

126 2114 144 2145 «
160 2085 341 2152 tissimum
361 2079 497 2150 tuenda
513 2092 663 2149 avertet.
682 2082 736 2147 De
750 2076 914 2174 Philippo
929 2103 1044 2147 meam
1062 2097 1205 2153 senten·

128 2224 146 2255 a
161 2194 249 2262 tiam
268 2190 392 2262 habes.
411 2194 466 2261 Dc
480 2190 622 2259 ratione
639 2188 797 2258 universi
810 2186 896 2258 belli
911 2189 999 2284 quid
1014 2193 1205 2276 sentirem,

128 2334 146 2368 α
158 2303 237 2395 jam
263 2300 310 2371 ah
334 2302 438 2371 initio
464 2326 538 2369 non
560 2300 743 2395 ignorasti.
770 2297 878 2389 Quod
904 2300 933 2368 si
960 2314 1037 2369 tum
1062 2303 1207 2374 auditus

129 2441 147 2473 «
164 2409 305 2492 iorem,
324 2435 400 2480 non
419 2412 456 2479 in
476 2407 616 2480 Euboea
634 2407 842 2480 Chalcidem
863 2425 1020 2506 captam,
1038 2426 1073 2481 et
1089 2415 1208 2485 castel·

129 2552 147 2584 a
164 2521 242 2591 lum
262 2522 385 2618 Euripi
407 2533 655 2617 expugnatum
672 2519 844 2604 Romani,
868 2520 930 2590 sed
952 2524 1129 2593 Etruriam
1146 2527 1204 2595 Li·

131 2664 150 2697 «
165 2657 373 2729 gnrumque
396 2646 432 2701 et
451 2631 574 2700 Gattiae
598 2630 787 2728 Cisalpina·
815 2655 916 2700 oram
938 2629 1035 2703 bello
1057 2635 1203 2721 ardere,

131 2773 149 2806 a
166 2757 223 2827 et,
244 2743 307 2838 qni
322 2743 501 2810 maximus
515 2741 556 2810 iis
571 2754 753 2810 terrorest
768 2795 777 2826 ‚
798 2734 1036 2813 Hinnibalem
1052 2745 1089 2814 in
1105 2747 1206 2817 ltalia

131 2876 247 2922 «esse
265 2851 441 2922 audirent.
464 2855 570 2921 Nunc
586 2874 736 2946 quoque
754 2875 910 2922 arcessas
929 2877 1059 2925 censeo
1079 2881 1206 2928 omnes

132 2994 150 3026 a
166 2962 312 3033 navales
325 2976 586 3057 terrestresque
597 2962 729 3058 copias.
745 2966 952 3058 Sequuntur
963 2964 1109 3036 classem
1124 2993 1208 3040 one·

131 3106 149 3137 a
167 3076 268 3143 rariae
281 3098 363 3143 cum
379 3069 661 3143 commeatibus:
679 3097 762 3141 nam
778 3069 836 3142 hic
854 3075 945 3143 sicut
962 3075 1006 3144 ad
1024 3074 1111 3146 belli
1126 3103 1206 3149 nitt-

132 3216 151 3248 «
170 3209 258 3255 nera
277 3185 380 3281 pauci
401 3209 547 3272 sumus,
570 3185 621 3255 sic
640 3185 746 3254 nimis
763 3184 870 3254 multi
885 3209 953 3283 pro
972 3188 1095 3283 inopia
1112 3214 1209 3259 com·

133 3325 152 3357 u
170 3309 355 3366 meatturm
368 3292 393 3364 ⁸.
424 3296 547 3385 Quum
575 3319 703 3365 omnes
738 3308 816 3365 tuas
846 3297 1066 3366 contraxeris
1090 3299 1206 3382 vires,

133 3437 151 3468 a
168 3404 317 3476 divisam
332 3406 480 3476 classem
495 3406 625 3503 partim
641 3408 805 3501 Corcyrae
820 3407 856 3475 iu
870 3405 1024 3475 statione
1038 3404 1205 3492 habebis,

134 3548 152 3577 «
169 3542 216 3587 ne
238 3516 409 3585 transitus
429 3516 601 3586 Romanis
624 3514 717 3585 liber
735 3539 776 3585 ac
799 3529 898 3584 tutus
918 3528 1056 3610 pateat;
1077 3520 1205 3614 partim

136 3657 153 3689 a
168 3625 214 3696 ad
233 3627 317 3696 litus
334 3625 461 3711 Italiae,
478 3624 579 3720 quod
597 3624 796 3694 Sardiniam
811 3621 1039 3720 Africamque
1055 3641 1209 3724 spectat,

133 3768 152 3799 «
169 3737 348 3830 trajicies:
373 3738 449 3832 ipse
473 3759 554 3805 cum
583 3733 755 3804 onmibus
781 3732 1010 3803 terrestribus
1035 3738 1148 3833 cottiis
1170 3739 1206 3807 in

133 3878 151 3908 a
168 3844 348 3942 Byllinnm
362 3854 508 3942 agrum9
522 3844 705 3941 procedes.
723 3842 813 3913 Inde
827 3844 971 3914 Graeciae
983 3846 1205 3942 possidebis,

175 4054 200 4096 ς.
214 4038 246 4083 Ut
253 4052 376 4100 erumpere
389 4035 431 4082 din
443 4036 575 4083 coercitam
587 4036 652 4082 irum
696 4051 740 4082 seu
753 4033 871 4093 Bullidis‚
891 4035 980 4099 oppidi
999 4036 1113 4083 maritimi
1128 4039 1209 4087 blace-

134 4118 191 4183 (its
203 4117 267 4164 MSS
279 4131 342 4173 nun,
351 4126 377 4163 ut
387 4114 443 4163 edd.
455 4125 533 4172 antu,
544 4114 653 4162 coercita
696 4113 777 4161 donia
786 4130 827 4161 sen
837 4114 1020 4178 lllyrici3unde
1035 4115 1128 4162 Bullini
1140 4114 1209 4179 (hinc

132 4196 236 4259 im)iu
250 4194 328 4242 hostes
337 4194 431 4259 possit,
445 4194 470 4242 h,
483 4211 505 4241 e.
518 4192 652 4241 effundere.
697 4195 787 4250 XLIV,
808 4195 856 4250 30,
873 4209 919 4256 pro
939 4192 1109 4241 cottianorum
1129 4195 1206 4245 orat.

133 4275 213 4326 Cous.
229 4275 309 4322 Gron.
327 4285 351 4321 et
365 4273 440 4320 Druk.
453 4272 484 4318 ud
500 4271 527 4317 h.
543 4272 559 4318 l.
573 4282 597 4318 et
609 4273 652 4319 Er·
696 4272 774 4320 edidit
789 4273 957 4328 Bullinorum,
968 4283 993 4318 at
1007 4273 1091 4335 Sigon.
1106 4274 1208 4320 Bulino·

133 4354 202 4403 nesti
213 4352 286 4404 Clau.
297 4352 349 4400 cte.
365 4367 419 4399 roc.
432 4366 565 4413 erumpere.
696 4368 751 4398 turn
770 4368 783 4398 e
801 4352 905 4415 steph),
920 4350 1048 4407 BMiones,
1063 4351 1209 4405 Ballienses.

173 4436 262 4481 &Pro
283 4431 366 4495 inopia
384 4443 578 4486 commeatuum
596 4429 652 4478 vide
699 4430 858 4485 Bullidenses,
883 4428 1044 4490 ltrllideases,
1067 4428 1189 4476 Bulliones

131 4511 345 4569 sartham.
359 4526 384 4557 a.
699 4509 756 4556 ride
765 4508 840 4556 Drak.
851 4509 882 4555 ad
895 4509 920 4556 b.
932 4509 947 4557 l.
959 4520 983 4557 et
996 4511 1087 4565 XLIV,
1098 4509 1209 4563 Sosl'sl·

184 4607 210 4654 9.
237 4594 267 4636 Iu
290 4589 407 4644 Brittium
428 4606 530 4653 agritio,
551 4588 653 4652 R5llidis
699 4604 757 4635 ister.
772 4589 956 4646 thamnan
971 4588 1066 4635 Ernesti
1076 4587 1209 4638 Clar.Cie.
