2722 5040
182 755 251 828 586
612 769 650 835 r.
674 769 804 836 mvn
1102 750 1219 862 tta

180 908 197 942 α
210 882 445 974 Macedones,
460 888 643 976 tollamus3
660 913 784 960 rursus
797 886 932 983 legatos
946 889 1065 985 regios
1078 902 1113 959 et
1125 886 1246 988 hospi-

181 1019 199 1054 «
213 991 261 1061 tia
282 1017 366 1063 cum
385 998 609 1096 principibus
627 1014 664 1071 et
682 1023 769 1070 mox
791 995 1032 1069 Macedonum
1049 1001 1246 1087 exercitus,

180 1102 331 1198 «ipsum
352 1131 500 1205 quoque
524 1134 544 1179 a
563 1108 712 1207 Delphis
738 1110 942 1205 (quantum
966 1109 1061 1178 enim
1086 1109 1248 1181 interluit

180 1241 198 1276 a
212 1209 394 1313 fretuml)
416 1219 653 1314 trajicientem
675 1220 713 1289 in
731 1217 1024 1315 Peloponnesum
1042 1217 1247 1307 videamus,

182 1323 477 1397 «immisceamur
498 1328 759 1402 Macedonibus
777 1326 1000 1399 armantibus
1019 1352 1057 1398 se
1080 1326 1249 1402 adversus

183 1459 200 1495 «
215 1437 407 1507 Romanos.
427 1443 504 1536 Ego
522 1439 610 1509 nihil
629 1440 714 1510 novi
728 1463 857 1511 censeo
872 1436 1162 1527 decernendum,
1178 1462 1249 1511 ser·

182 1545 403 1643 «vandaque
427 1551 548 1621 omnia
573 1551 732 1648 integra,
757 1548 873 1620 donec
893 1546 939 1617 ad
959 1561 1098 1618 certum
1121 1546 1251 1645 diriga-

183 1682 201 1718 α
215 1667 329 1743 tur¹¹,
349 1682 509 1732 vanusne
527 1660 587 1732 hic
604 1662 713 1731 timor
731 1674 873 1748 noster,
893 1682 940 1729 an
958 1683 1064 1730 verus
1081 1656 1199 1731 fuerit.
1215 1659 1251 1728 Si

184 1794 201 1828 α
217 1788 286 1862 pax
295 1767 464 1840 inviolata
474 1772 569 1842 inter
581 1771 796 1843 Macedonas
808 1775 1063 1866 Romanosque
1076 1768 1251 1855 manebit,

185 1905 203 1940 α
218 1875 323 1948 nobis
341 1903 490 1977 quoque
508 1883 661 1953 amicitia
676 1896 711 1953 et
729 1883 986 1953 commercium
1004 1882 1070 1952 sit:
1091 1905 1188 1951 nunc
1206 1880 1251 1950 de

185 2016 202 2050 α
216 2011 260 2058 eo
280 1989 437 2086 cogitare
453 1993 695 2090 periculosum
714 2007 751 2065 et
767 1994 998 2064 immaturum
1016 1990 1198 2062 videtur».

234 2101 348 2168 XXIV
368 2100 567 2199 (XXVIII).
589 2107 673 2175 Post
690 2102 789 2173 hunc
807 2107 918 2192 Areo,
944 2100 1053 2173 frater
1073 2100 1252 2172 Xenarchi

189 2210 383 2304 praetoris¹,
400 2214 448 2284 ita
466 2213 634 2287 disseruit
654 2241 661 2281 :
681 2211 906 2285 «Difficilem
925 2213 1126 2283 orationem
1146 2210 1252 2281 Calli-

187 2334 334 2392 «crates
352 2323 511 2412 etmihi,
531 2339 567 2395 et
584 2322 774 2409 omnibus,
791 2324 855 2419 qui
871 2321 918 2392 ab
940 2346 984 2392 eo
1003 2321 1252 2404 dissentimus,

189 2459 207 2494 «
221 2429 306 2501 fecit
320 2459 328 2501 :
344 2433 486 2532 agendo
504 2435 601 2505 enim
620 2458 776 2505 romanae
796 2433 974 2504 societatis
999 2454 1140 2502 causam
1158 2431 1253 2527 ipse,

186 2568 203 2601 ιι
217 2542 421 2638 tentarique
435 2558 471 2614 et
484 2545 687 2648 oppugnari
700 2542 854 2615 dicendo
865 2597 875 2629 ,
887 2567 997 2639 quam
1012 2565 1121 2612 nemo
1136 2564 1255 2636 neque

189 2662 355 2735 «tentat,
377 2677 495 2749 neque
512 2668 722 2752 oppugnat,
741 2652 879 2740 effecit,
898 2668 955 2741 ut,
977 2654 1042 2750 qui
1060 2652 1106 2723 ab
1124 2678 1163 2723 se
1182 2652 1255 2722 dis-

189 2762 391 2840 «sentiret,
423 2761 592 2834 adversus
622 2770 805 2836 Romanos
837 2763 955 2834 dicere
986 2762 1179 2834 videretur.
1206 2767 1257 2831 Ac

189 2872 376 2969 «primum
392 2874 573 2961 omnium,
593 2888 767 2972 tanquam
786 2900 862 2946 non
880 2874 938 2945 hic
959 2871 1149 2945 nobiscum
1169 2871 1256 2942 fuis·

189 2997 290 3071 «set,
309 2983 373 3054 sed
388 2998 451 3054 aut
468 3008 513 3054 ex
531 2987 630 3056 curia
647 2985 774 3083 populi
792 2987 933 3055 romani
951 2986 1108 3071 veniret,
1125 2998 1187 3055 aut
1199 3007 1256 3051 re-

190 3122 206 3154 «
220 3117 306 3188 gum
325 3094 463 3165 arcanis
477 3096 683 3182 interesset,
703 3097 824 3166 omnia
844 3097 910 3165 scit
928 3110 963 3165 et
980 3096 1158 3180 nuntiat²,
1176 3118 1257 3189 quae

190 3202 361 3275 «occulte
383 3202 476 3276 facta
501 3220 598 3277 sunt.
624 3207 768 3276 Divinat
789 3207 917 3292 etiam,
941 3232 1018 3301 quae
1039 3203 1161 3275 futura
1179 3201 1256 3273 fue-

191 3344 208 3377 «
222 3328 323 3399 rant,
346 3316 375 3386 si
399 3315 586 3414 Philippus
612 3318 775 3402 vixisset3
797 3316 884 3412 quid
908 3318 957 3386 ita
982 3320 1131 3386 Perseus
1156 3312 1255 3408 regni

191 3422 324 3495 «heres
351 3427 420 3512 sit,
447 3424 537 3523 quid
565 3441 692 3524 parent
718 3425 957 3511 Macedones,
983 3424 1073 3523 quid
1098 3424 1259 3521 cogitent

190 3537 385 3605 «Romani.
411 3540 487 3606 Nos
507 3550 649 3624 autem,
677 3537 765 3632 qui,
794 3560 862 3607 nec
887 3533 937 3606 ob
963 3557 1072 3632 quam
1098 3555 1258 3613 causam,

191 3675 208 3708 «
222 3669 290 3716 nec
304 3644 612 3742 quemadmodum
627 3647 775 3743 perierit
791 3647 1015 3733 Demetrius,
1029 3646 1177 3732 scimus,
1192 3665 1260 3712 nec

179 3946 183 3953 ι
233 3903 272 3934 11.
288 3891 372 3938 Donec
394 3891 431 3939 ad
449 3902 540 3938 cernam
565 3888 703 3953 dirr'gatur,
786 3904 810 3936 a.
826 3889 915 3937 Omnia
927 3887 974 3936 scit
984 3899 1008 3934 et
1019 3885 1132 3940 nuntiat,
1145 3895 1191 3931 etc.
1206 3882 1261 3929 vide

195 3969 271 4015 immo
293 3968 432 4033 redigatur,
453 3981 482 4018 ut
499 3968 588 4026 XLIV,
610 3967 660 4026 15,
681 3976 706 4013 et
750 3968 781 4016 ad
800 3971 852 4027 tx,
877 3969 920 4029 16,
940 3983 966 4016 n.
985 3968 1010 4015 5.
1029 3967 1091 4013 Mox
1108 3961 1263 4027 qnoefiuura

195 4047 254 4095 alibi
266 4046 303 4094 aa!
314 4047 409 4096 irritum
420 4062 445 4097 et
458 4049 560 4097 nihilum
577 4047 686 4112 redigere
694 4064 705 4103 ,·
743 4047 842 4114 suerint
856 4049 968 4095 Donatus
986 4055 1011 4093 et
1029 4045 1105 4092 Prisc.
1122 4043 1209 4107 reponi
1226 4043 1262 4102 jn·

197 4130 274 4176 Gron.
291 4127 331 4174 Sic
348 4137 373 4174 et
387 4128 452 4192 apud
470 4128 534 4177 Plin.
548 4129 615 4185 XX,
629 4123 709 4188 9,ad
751 4128 824 4186 hent;
835 4128 912 4176 Gron.
928 4129 1020 4178 Contra
1030 4124 1106 4172 Drak.
1118 4122 1193 4186 paulo
1206 4131 1263 4185 post
1293 4116 1296 4121 ’

193 4206 514 4272 plauumredigererllrnk.
751 4207 823 4255 etiam
836 4207 953 4272 facturus
965 4204 1056 4270 suerat
1074 4201 1196 4251 revocarit
1217 4217 1263 4265 pro

231 4290 293 4337 CAP·
302 4287 399 4335 XXIV·
413 4300 434 4331 ¹·
456 4289 521 4334 Amo
532 4322 539 4342 r
551 4286 637 4349 frater
659 4285 707 4330 Xe·
751 4286 817 4351 vulg.
825 4285 949 4352 ssuerit,
963 4283 1032 4347 quod
1047 4281 1162 4346 Sigonius
1174 4279 1263 4327 substi-

196 4367 283 4415 Mrcdi
291 4366 404 4432 proetvrl's
411 4401 418 4422 r
435 4365 497 4412 f⁰rle
509 4364 591 4412 Arvdo
605 4364 644 4411 vel
657 4365 705 4410 Ar·
751 4377 844 4422 tuerat,
854 4366 989 4427 docetque,
1002 4361 1090 4410 modos
1106 4360 1214 4408 diversos
1226 4359 1261 4406 Li-

196 4448 257 4495 chou
267 4465 277 4502 ,·
287 4446 408 4495 Drakeuh.
418 4427 502 4514 λρχων
515 4445 607 4492 dicitur
617 4441 707 4507 Polyb·
752 4447 793 4492 viu
806 4446 906 4508 aliisque
919 4444 1058 4506 frequentes
1072 4457 1132 4489 esse.
1149 4466 1184 4489 -.-
1200 4437 1266 4500 Quid

197 4529 295 4585 xxm,
310 4543 339 4574 ιο
351 4542 358 4588 3
371 4527 494 4586 xxvm,
508 4543 520 4589 7
533 4527 653 4586 3Xlllx,
667 4541 704 4572 ro.
750 4526 802 4582 ita,
817 4541 868 4591 quo
879 4523 991 4572 coneilio.
1009 4525 1054 4571 Eo.
