2722 5040
190 825 258 897 582
624 827 663 892 Τ.
690 827 828 893 LIVIl
1103 811 1126 909 3ss
1140 811 1163 910 ἓξ
1179 813 1224 924 ξζῖ

185 944 224 1016 id
243 961 403 1042 tempus,
423 944 509 1040 quia
531 943 678 1040 quidam
703 944 886 1043 Dolopum
906 972 981 1017 uon
1000 946 1195 1044 parebant,
1215 964 1251 1020 et

187 1053 378 1152 dequibus
391 1051 642 1151 ambigebatur
657 1053 783 1142 rebus,
797 1054 1094 1152 disceptationem
1108 1058 1154 1130 ab
1167 1085 1251 1157 rege

186 1167 232 1238 ad
248 1172 430 1237 Romanos
443 1164 679 1249 revocabant,
694 1189 777 1235 cum
792 1167 953 1236 exercitu
967 1158 1169 1264 profectus,
1182 1168 1250 1239 sub

183 1279 244 1374 jus
252 1277 525 1374 judiciumque²
536 1300 642 1346 suum
656 1289 767 1347 totam
781 1277 898 1373 coegit
907 1292 1061 1372 gentem.
1076 1279 1177 1364 Inde,
1185 1304 1253 1377 per

185 1393 328 1462 OEtoeos
346 1401 489 1458 montes
506 1401 763 1482 transgressus,
781 1386 1016 1483 religionibus
1034 1389 1252 1485 quibusdam

123 1546 126 1552 ,
186 1500 309 1571 arumo
324 1497 477 1595 objectis
487 1494 515 1585 ³,
531 1497 718 1570 oraculum
732 1497 895 1569 aditurus
908 1499 1069 1597 Delphos
1081 1499 1251 1572 ascendit.

187 1613 311 1700 Quum
327 1611 365 1681 in
379 1609 497 1682 media
509 1623 661 1707 repente
675 1611 810 1681 Graecia
824 1612 1065 1707 apparuisset,
1081 1635 1253 1710 magnum

187 1747 263 1792 non
279 1719 441 1813 finitimis
456 1719 569 1791 modo
586 1717 739 1790 urbibus
756 1734 932 1791 terrorem
950 1720 1118 1818 praebuit,
1135 1720 1199 1792 sed
1216 1724 1252 1791 in

187 1834 306 1905 Asiam
326 1856 474 1930 quoque
492 1830 539 1901 ad
555 1854 675 1927 regem
691 1835 891 1902 Eumenem
910 1835 1059 1904 nuntius
1077 1832 1255 1903 tumultus

189 1943 267 2038 ejus
282 1943 391 2014 venit.
407 1940 583 2012 Triduum
607 1964 683 2010 non
706 1939 788 2036 plus
816 1941 967 2039 Delphis
986 1958 1161 2028 moratus,
1187 1967 1254 2040 per

187 2051 453 2137 Phthiotidem,
480 2050 671 2122 Achaiam⁴
689 2050 1002 2148 Thessaliamque,
1023 2055 1099 2125 sine
1120 2053 1254 2123 damno

188 2164 393 2259 injuriaque
411 2186 603 2260 agrorum,
623 2186 690 2259 per
708 2186 801 2259 quos
822 2164 890 2234 iter
914 2161 1016 2248 fecit,
1040 2166 1078 2234 in
1101 2189 1253 2261 regnum

188 2273 305 2345 rediit.
323 2277 398 2344 Nec
417 2296 542 2343 earum
561 2286 701 2342 tantum
718 2272 934 2360 civitatium,
954 2298 1019 2370 per
1033 2298 1123 2369 quas
1138 2275 1255 2345 iturus

190 2401 286 2472 erat,
305 2387 388 2456 satis
403 2383 530 2454 habuit
547 2383 688 2455 animos
706 2382 772 2454 sibi
787 2384 1000 2456 conciliare:
1021 2400 1082 2455 aut
1100 2384 1254 2482 legatos,

189 2511 251 2567 aut
275 2495 397 2566 literas
422 2493 556 2564 dimisit
569 2488 595 2579 ⁵,
616 2507 763 2590 petens,
788 2519 834 2564 ne
856 2494 990 2565 diutius
1011 2493 1252 2573 simultatum,

189 2632 274 2704 quae
292 2631 374 2676 cum
387 2620 495 2702 patre
510 2627 577 2675 suo
585 2603 765 2694 fuissem,
785 2610 1053 2675 meminissent:
1074 2629 1139 2675 nec
1160 2610 1255 2675 enirn

190 2733 265 2786 tam
284 2731 421 2785 atroces
424 2716 546 2804 faisse
563 2738 641 2797 eas,
663 2729 795 2784 utnon
814 2739 896 2785 cam
915 2721 992 2813 ipsa
1004 2721 1194 2813 potuerint
1212 2741 1256 2784 ac

190 2827 379 2897 debuerint
376 2826 496 2920 fiairi.
510 2827 637 2896 Secum
650 2825 797 2921 quidem
811 2832 936 2895 amaia
950 2825 1019 2896 illis
1031 2832 1169 2921 integra
1182 2850 1257 2895 esse

190 2937 243 3007 ad
257 2933 513 3005 instituendam
520 2931 687 3029 fideliter
702 2941 910 3006 amicitiam.
932 2940 1023 3007 Cum
1045 2937 1256 3007 Achaeorum

189 3048 344 3117 maxime
364 3059 473 3141 gente
493 3044 765 3117 reconciliandae
785 3047 904 3144 gratiae
925 3048 1018 3118 viam
1038 3045 1229 3144 quaerebat.

238 3158 357 3227 XXIII
376 3153 560 3249 (XXVII)
585 3158 668 3224 Haec
687 3179 758 3224 una
775 3180 820 3226 ex
838 3159 940 3227 omni
959 3158 1094 3228 Graecia
1109 3181 1196 3253 gens
1221 3172 1257 3225 et

191 3264 463 3337 Atheniensium
477 3263 599 3334 civitas
611 3287 655 3333 eo
669 3280 892 3360 processerat
906 3268 1037 3338 irarum
1049 3318 1058 3353 ,
1069 3281 1110 3336 ut
1123 3263 1257 3335 linibus

191 3372 699 3447 interdiceretMacedonibus.
710 3377 837 3473 Itaque
849 3378 999 3447 servitiis
1007 3401 1050 3473 ex
1059 3375 1191 3447 Achaia
1200 3373 1258 3446 fu·

190 3485 372 3585 gientibus
384 3477 655 3583 receptaculum
672 3484 884 3556 Macedonia
902 3501 998 3573 erat;
1017 3487 1124 3582 quia,
1143 3511 1258 3605 quum

192 3596 327 3669 linibus
339 3596 411 3666 suis
426 3594 694 3671 interdixissent
705 3607 730 3691 ¹,
744 3597 879 3667 intrare
891 3598 993 3693 regui
1005 3598 1178 3668 terminos
1190 3597 1257 3694 ipsi

226 3873 251 3906 a.
262 3857 310 3903 Sub
321 3855 363 3919 jus
379 3853 564 3920 judiciumque,
582 3866 629 3904 ete.
645 3855 701 3901 vide
747 3862 779 3910 lo
790 3887 798 3913 ,
810 3852 958 3905 thessaliam
973 3866 997 3903 et
1007 3855 1149 3903 Maliensem
1173 3871 1260 3919 agnam

191 3937 222 3985 ad
231 3936 341 3993 XXXV,
353 3934 400 3992 16,
413 3949 437 3982 n.
448 3941 474 3988 t.
747 3934 854 3982 vocavit.
863 3936 910 3983 En.

225 4017 249 4063 3.
272 4012 434 4079 Religionibus
456 4030 481 4077 q.
501 4013 584 4060 animo
603 4009 701 4076 objectis
782 4012 806 4060 5.
817 4015 870 4060 Aut
878 4013 986 4079 legatas,
1000 4024 1046 4060 aut
1054 4011 1137 4061 literas
1150 4012 1260 4060 dimisit:

188 4094 265 4160 (vide
275 4092 307 4141 ad
317 4093 400 4149 XXV,
414 4108 458 4151 rs,
475 4108 501 4139 n.
514 4107 525 4138 ι
538 4090 560 4156 ),
574 4090 701 4138 oracutum
746 4101 802 4139 ante
815 4089 869 4140 baa
878 4091 950 4140 verba
961 4091 1078 4140 ridentur
1085 4093 1155 4156 plura
1166 4090 1260 4151 deesse3

189 4175 300 4223 adiano
325 4170 430 4235 Delphos
448 4169 575 4226 assanda,-
593 4167 650 4215 vida
669 4169 701 4216 ad
745 4170 824 4220 Gran.
838 4174 909 4218 Forte
924 4170 970 4217 sed
983 4170 1051 4218 circa
1062 4186 1144 4218 ornnes
1157 4171 1262 4218 Groecioe

189 4256 274 4311 XLII,
288 4252 334 4309 15,
347 4266 373 4298 n.
387 4251 416 4311 3,
429 4259 454 4295 et
463 4249 544 4305 xm,
555 4255 588 4303 ta
601 4264 639 4311 pr.
744 4247 871 4307 civitatem
883 4249 954 4297 (ἶνιν.

220 4343 245 4390 4.
256 4324 697 4383 ParPlrtlriatidem,Acdaiam,·vide
780 4329 842 4377 Car,
854 4329 954 4378 XXIII.
967 4346 988 4377 1.
1009 4329 1089 4392 Quum
1096 4328 1193 4396 finibus
1211 4331 1261 4376 suis

186 4414 217 4463 ad
228 4409 355 4466 XXXIII,
367 4407 415 4464 32,
432 4421 460 4453 n.
474 4405 498 4453 6.
514 4430 551 4441 -·
566 4405 642 4466 Quod
654 4405 695 4453 hic
740 4404 859 4455 interdici
866 4420 945 4479 ssent,
961 4409 1025 4457 forts
1041 4425 1096 4457 cnm
1114 4410 1167 4457 Iac.
1184 4409 1260 4457 Perit.

183 4493 267 4543 Liuias
275 4482 452 4541 Phthiotidem,
468 4481 605 4539 Achaiam,
622 4483 693 4532 rta-
737 4486 851 4550 postsuis
880 4484 1169 4552 trocnadensium&
1181 4498 1260 4536 umen

183 4571 320 4632 ,atrumque
339 4573 425 4623 vocat,
437 4563 464 4610 id
480 4562 542 4612 inira
560 4562 592 4611 sd
609 4565 694 4622 XLII,
743 4575 769 4612 et
781 4565 911 4615 commode
925 4566 1009 4616 abesse
1019 4578 1117 4637 potem
1132 4565 1205 4615 Dralr.
1224 4593 1256 4603 -

71 4706 88 4753 h
