2722 5040
155 799 225 882 aaa
578 797 616 863 r.
652 796 793 862 mvn
1068 772 1191 874 3:233

152 944 214 993 sus
234 921 271 989 in
294 919 449 988 victores
470 941 490 986 a
511 917 613 987 victis
635 931 771 1002 terror,
789 930 826 986 et
848 917 966 1013 primo
988 917 1128 1012 impetu
1147 913 1218 985 susi

154 1028 248 1100 Galli
265 1042 372 1113 sunt3
393 1042 430 1098 et
448 1051 492 1097 ex
510 1028 601 1123 agris
622 1024 888 1097 concurrebant
908 1024 1158 1122 pabulatores,
1181 1039 1218 1096 et

153 1136 315 1234 undique
339 1136 467 1207 obvius
489 1136 603 1206 hostis
627 1136 737 1206 Gallis
761 1150 856 1222 erat,
876 1152 917 1206 ut
935 1161 981 1206 ue
999 1133 1120 1231 sugam
1141 1139 1217 1230 qui-

154 1245 237 1318 dem
250 1245 389 1325 facilem
402 1259 464 1315 aut
473 1261 588 1316 tutam
599 1244 795 1332 haberent,
806 1247 891 1342 quia
901 1243 1108 1317 recentibus
1116 1247 1219 1342 equis

153 1357 306 1427 Romani
330 1353 443 1426 sessos
464 1353 723 1450 sequebantur.
750 1356 857 1425 Pauci
880 1379 966 1454 ergo
988 1353 1216 1453 effugerunt:

154 1479 279 1563 captus
298 1480 352 1536 est
368 1489 497 1550 nem03
521 1463 637 1559 major
657 1465 773 1535 multo
789 1488 872 1562 pars
887 1488 953 1562 per
969 1463 1237 1537 fidemviolati

154 1575 327 1673 colloquii
344 1600 471 1673 poenas
492 1589 610 1645 morte
628 1574 785 1644 luerunt.
813 1576 985 1659 Romani,
1008 1573 1218 1646 ardentibus

154 1689 208 1757 ira
222 1688 368 1772 animis,
384 1699 530 1784 postero
545 1685 603 1755 die
617 1682 787 1754 omnibus
802 1684 915 1783 copiis
929 1682 974 1754 ad
987 1683 1128 1756 hostem
1142 1708 1220 1782 per·

155 1798 317 1868 veniunt.

203 1912 331 1979 XXVI.
360 1903 513 1977 Biduum
538 1920 666 1977 natura
690 1907 847 1975 montis¹
873 1929 938 2003 per
959 1928 997 1977 se
1020 1907 1139 2003 ipsum
1156 1929 1218 1976 ex-

156 2017 354 2115 ploranda,
382 2041 428 2086 ne
451 2013 539 2113 quid
564 2016 678 2111 ignoti
707 2028 821 2100 esset,
843 2013 1044 2113 absumpsit
1067 2015 1217 2086 consul:

156 2128 264 2198 tertio
286 2125 365 2211 die,
386 2150 500 2222 quum
528 2125 688 2221 auspicio
714 2148 861 2222 operam
886 2123 1066 2213 dedisset,
1089 2122 1219 2196 deinde

157 2238 397 2323 immolasset,
415 2238 451 2305 in
468 2248 626 2332 quatuor
647 2248 765 2331 partes
786 2234 914 2305 divisas
935 2236 1058 2333 copias
1079 2235 1219 2321 educit3

157 2346 246 2418 duas
269 2360 309 2416 ut
330 2346 449 2416 medio
472 2357 597 2414 monte
622 2342 789 2431 duceret,
813 2344 902 2415 duas
924 2343 970 2415 ab
991 2343 1162 2416 lateribus
1179 2359 1221 2416 ut

158 2456 327 2529 adversus
358 2480 494 2527 cornua
520 2454 706 2525 Gallorum
735 2457 897 2552 erigeret.
930 2457 1094 2526 Hostium
1121 2455 1221 2554 quod

158 2566 301 2638 roboris
322 2582 417 2652 erat,
442 2566 625 2661 Tectosagi
644 2581 681 2636 et
704 2567 849 2636 Trocmi
871 2563 1024 2637 mediam
1048 2565 1221 2637 tenebant

158 2679 293 2764 aciem,
325 2677 434 2759 millia
476 2677 666 2747 hominum
699 2676 972 2773 quinquaginta.
1010 2677 1220 2771 Equitatum

160 2789 272 2885 (quia
297 2813 473 2885 equorum
505 2786 627 2858 nullus
657 2787 751 2856 inter
779 2785 974 2882 inaequales
999 2809 1108 2882 rupes
1135 2809 1222 2857 usus

159 2897 259 2991 erat)
279 2897 322 2966 ad
342 2897 453 2995 pedes
475 2897 670 2969 deductum
681 2907 709 2983 ²,
731 2894 856 2967 decem
876 2896 988 2966 millia
1008 2896 1221 2978 hominum,

160 3004 206 3077 ab
225 3006 353 3077 dextro
371 3007 581 3078 locaverunt
604 3031 730 3077 cornu.
751 3002 969 3076 Ariarathis³
991 3005 1222 3104 Cappadoces

161 3130 197 3187 et
212 3118 326 3187 Morti
339 3118 524 3188 auxiliares
538 3120 577 3187 in
593 3117 681 3188 laevo
697 3131 854 3213 quatuor
869 3114 982 3188 ferme
995 3116 1148 3187 millium
1160 3142 1223 3188 nu·

160 3251 299 3298 merum
323 3227 527 3324 explebant.
552 3227 709 3311 Consul,
732 3228 823 3296 sicut
843 3227 881 3295 in
904 3225 1060 3322 Olympo
1079 3240 1221 3311 monte,

161 3339 276 3435 prima
290 3340 327 3408 in
343 3340 417 3408 acie
433 3339 548 3410 locata
564 3337 633 3409 levi
654 3350 850 3422 armatura,
863 3335 1019 3406 telorum
1035 3338 1153 3407 omnis
1165 3361 1223 3433 ge-

162 3516 216 3564 dam
231 3515 320 3563 violati
337 3516 453 3580 colloquii
469 3533 515 3580 pru
533 3516 671 3571 violamus,-
716 3515 764 3569 53.
780 3531 804 3563 u.
826 3517 973 3562 3.—Duas
996 3526 1022 3561 ut
1043 3515 1122 3562 medio
1144 3527 1224 3562 monte

162 3595 379 3651 Em.Conl.ad1,
398 3611 459 3652 1‚u.
470 3597 495 3643 6.
510 3594 672 3662 Perfidevio-
716 3593 827 3651 duceret,
846 3595 872 3640 in
886 3593 991 3641 mediam
1004 3594 1095 3642 mouns
1112 3605 1223 3658 partem:

161 3673 208 3723 lati
220 3689 241 3722 c.
251 3675 323 3720 Voss.
333 3685 357 3720 et
366 3676 427 3722 [ον.
442 3676 471 3733 3,
480 3675 551 3740 prob.
561 3674 672 3722 Perieou.
716 3689 772 3720 uam
783 3672 922 3736 expeditius
933 3683 983 3721 erat
996 3674 1042 3721 iter
1055 3689 1130 3720 unum
1142 3672 1223 3721 medio

163 3751 211 3800 Sed
222 3751 309 3799 eodem
322 3769 393 3799 sensu
408 3753 457 3802 dici
466 3757 490 3811 1,
504 3771 520 3818 9
531 3787 538 3810 ,
552 3765 576 3802 et
588 3755 671 3810 xm,
715 3763 812 3810 moute,
822 3752 871 3800 duc
882 3749 991 3799 difficilia
1000 3751 1031 3799 ab
1040 3751 1155 3800 lateribus
1162 3752 1221 3812 ejus.

164 3838 196 3891 47
217 3847 255 3895 pr.
269 3829 368 3896 persas
383 3849 414 3879 ac
423 3831 504 3900 fidem
521 3831 626 3896 decepti,
639 3833 671 3889 V,
715 3832 787 3880 Cous.
798 3847 853 3895 cap.
867 3847 901 3878 ao
914 3831 977 3879 med.

164 3925 211 3973 29;
218 3909 275 3977 fide
288 3909 390 3972 publica
402 3911 482 3976 ᾰθιίμὶ
488 3947 495 3968 ,
511 3923 535 3960 et
547 3910 613 3976 apud
625 3911 672 3958 Te·
750 3927 775 3957 a.
790 3910 833 3957 Ad
839 3911 915 3973 pedes
928 3910 1057 3957 deductam
1072 3911 1205 3974 equitatum
1212 3929 1222 3968 ,·

162 4000 226 4041 reut.
246 3989 345 4038 Phorm.
365 3993 414 4048 111,
437 4007 465 4049 r,
484 4007 508 4038 n.
528 3991 556 4049 5,
570 4001 674 4053 propter
716 3988 772 4037 ride
786 3988 818 4035 ad
828 3990 975 4047 111‚62‚n.
988 4005 1012 4051 9.

164 4067 315 4135 tuamfidem
332 4069 445 4133 decepta,
460 4067 671 4117 monetamcf.
751 4068 776 4115 3.
798 4067 937 4116 Ariarathis
966 4068 1122 4131 Cappadoces
1140 4069 1225 4134 (forte

165 4147 248 4195 nivii.
267 4147 298 4194 ad
314 4150 375 4211 Cas,
391 4148 452 4196 Bell.
471 4146 574 4203 catti,
589 4147 635 4204 46,
648 4157 672 4193 et
717 4146 883 4211 Cappadocis,
892 4147 917 4195 h.
931 4164 952 4196 e.
965 4148 1028 4211 regie
1042 4147 1223 4212 Cappadocia)

166 4227 233 4275 eon.
243 4226 274 4273 ed
289 4228 346 4275 Sall.
358 4228 443 4290 fragm.
456 4225 513 4273 hist.
524 4226 549 4282 1,
562 4241 587 4289 p.
602 4226 662 4286 950.
716 4237 741 4272 et
752 4225 846 4282 Morzi,
855 4227 919 4290 regie
928 4226 1098 4291 Paphlagonia
1106 4217 1224 4297 (Μορζὶου

201 4305 262 4353 Car.
287 4307 379 4353 XXVI.
405 4319 426 4350 ι.
450 4303 549 4350 Nativa
569 4304 669 4360 montis,
716 4304 782 4367 apud
798 4304 997 4370 Polybxllvl,
1011 4306 1045 4365 6,
1061 4305 1225 4376 §maldeg-

166 4384 326 4448 Magaborum
339 4382 425 4445 (conf.
436 4397 491 4445 cap.
504 4396 535 4443 19
545 4398 583 4446 pr.
593 4381 617 4444 ·),
630 4399 673 4430 α·
716 4383 781 4442 (ioue
790 4385 856 4449 apud
869 4385 947 4434 Strnb.
960 4387 1025 4444 ΧΠ,
1038 4403 1063 4451 p.
1077 4387 1142 4443 562,
1155 4387 1225 4446 cujus

164 4461 305 4526 ploranda,·
314 4461 355 4508 alii
364 4473 479 4507 tractatam
490 4461 642 4524 explorando
651 4473 675 4510 et
719 4465 782 4527 regia
792 4465 838 4512 fuit
847 4468 955 4529 Gaugra3
968 4465 1019 4513 vid.
1031 4465 1109 4512 Streb.
1123 4475 1147 4511 et
1157 4468 1226 4513 Wes-

166 4542 203 4595 αα
212 4552 326 4589 nutritam
336 4540 521 4607 capioraudam.
532 4542 604 4592 Cous.
614 4543 645 4591 ad
654 4545 678 4602 Ι,
718 4543 760 4599 ael.
770 4542 802 4591 ad
815 4543 921 4598 Hierocl.
934 4560 989 4611 pag.
998 4542 1064 4610 695)
1075 4543 1224 4599 auxiliares,
