2722 5040
185 776 251 859 rtt
605 784 645 851 r.
678 785 808 853 urvu
1093 765 1222 871 ,iffi-,¹323

176 894 214 966 Ιο
234 922 254 967 a
279 900 508 973 munimento
525 916 726 975 castrorum
744 902 857 975 milite
876 920 1047 993 avocato,
1071 922 1108 979 et
1126 911 1249 1007 primo
1338 982 1342 989 ,

177 1028 322 1102 equum
341 1011 503 1108 praelium
521 1015 744 1101 sustinuere,
762 1028 817 1099 et,
831 1030 1016 1087 crescente
1030 1020 1248 1101 certamine,
1324 1106 1329 1117 ι

176 1117 399 1216 pepulerunt
423 1120 566 1209 hostes,
593 1139 740 1195 centum
768 1149 812 1195 ex
838 1123 902 1212 his
926 1124 1070 1213 occisis,
1099 1141 1246 1199 centum

176 1223 289 1300 ferme
322 1234 445 1329 captis.
480 1238 549 1305 Per
573 1234 808 1332 quatriduum
839 1236 1034 1331 insequens
1062 1236 1247 1308 instructae

176 1346 361 1440 utrimque
383 1346 476 1416 acies
494 1369 562 1444 pro
583 1345 837 1417 vallostetere.
856 1346 994 1434 Quinto
1013 1344 1072 1417 die
1091 1350 1244 1417 Romani

174 1478 383 1552 processere
400 1454 438 1525 in
452 1455 614 1527 medium
630 1456 758 1554 campi.
776 1453 977 1527 Antiochus
989 1454 1080 1526 nihil
1095 1480 1242 1555 promo-

174 1566 226 1636 vit
248 1565 371 1662 signa,
396 1564 445 1635 ita
467 1580 508 1636 ut
529 1566 680 1637 extremi
703 1568 824 1638 miuus
851 1564 948 1636 mille
972 1565 1084 1663 pedes
1109 1567 1244 1638 avallo

173 1670 350 1745 abessent.

219 1788 381 1856 XXXIX.
398 1774 554 1874 tonsol,
571 1800 765 1883 postquam
782 1785 973 1858 detrectari
993 1802 1177 1859 certamen
1190 1791 1241 1858 vi-

174 1893 247 1981 dit,
268 1910 416 1993 postero
434 1894 493 1966 die
517 1897 555 1965 in
583 1896 774 1968 consilium
801 1895 1026 1982 advocavit¹‚
1052 1897 1154 1989 Quid
1170 1898 1243 1969 sibi

58 2078 64 2083 ,
159 2005 380 2093 faciendum
400 2010 560 2091 esset‚'st‘
575 2007 778 2077 Antiochus
792 2007 992 2105 pugnandi
1005 2013 1148 2105 copiam
1166 2034 1241 2079 non

159 2116 331 2203 faceret?
352 2121 493 2185 Instare
510 2116 674 2185 hiemem.
696 2120 776 2186 Aut
796 2116 864 2186 sub
872 2115 1033 2212 pellibus
1054 2118 1241 2191 habendos

170 2224 299 2296 milites
309 2227 399 2316 fore
409 2235 435 2311 ²,
459 2240 542 2312 aut,
569 2233 603 2295 si
626 2227 821 2296 concedere
845 2231 883 2296 in
910 2226 1064 2297 hiberna
1087 2228 1238 2316 vellent,
1262 2257 1281 2278 .

169 2334 414 2425 dfflrendum
431 2358 508 2404 esse
528 2340 565 2405 in
581 2350 742 2406 restorem
757 2334 899 2405 bellum.
912 2335 1063 2407 Nullum
1076 2362 1239 2435 unquam

170 2444 311 2515 hostem
332 2446 487 2516 Romani
508 2468 611 2544 aeque
631 2458 942 2543 contempserunt.
963 2445 1238 2517 Conclamatum

168 2553 332 2650 undique
361 2569 435 2641 est,
463 2555 610 2625 duceret
632 2554 837 2651 exemplu,
869 2570 906 2622 et
929 2568 1088 2624 uteretur
1107 2554 1239 2623 ardore

166 2664 340 2752 milt'tum5
360 2667 442 2762 qui,
459 2680 631 2761 tauquam
645 2688 720 2734 non
739 2662 978 2762 pugnandum
993 2688 1076 2734 cum
1091 2678 1146 2735 tot
1159 2664 1238 2733 mil-

165 2774 261 2847 libus
279 2774 455 2862 hostium,
470 2775 533 2847 sed
545 2798 610 2872 par
624 2799 799 2846 numerus
813 2798 986 2872 pecorum
1001 2773 1237 2845 trucidandus

165 2902 279 2975 esset,
303 2910 368 2985 per
389 2885 524 2972 fossas,
550 2885 772 2989 pecualium
797 2900 908 2957 eastra
932 2884 1104 2957 invadere
1121 2888 1235 2984 parati

165 3013 289 3087 erant,
304 2999 334 3068 si
350 3000 388 3069 in
406 2997 568 3096 praelium
585 2997 698 3067 hostis
716 3020 790 3067 nou
808 2997 933 3066 exiret.
951 3001 1015 3067 Cn.
1030 2996 1235 3079 Domitius,

164 3108 209 3180 ad
228 3107 493 3207 explorandum
511 3108 600 3196 iter,
623 3121 750 3204 etqua
771 3120 873 3203 parte
896 3103 995 3176 adire
1015 3104 1147 3175 vallum
1165 3103 1233 3176 ho-

162 3219 271 3289 stium
290 3232 432 3318 posset,
451 3218 602 3306 missus,
621 3233 816 3316 postquam
836 3218 959 3286 omnia
980 3229 1076 3286 certa
1090 3215 1233 3301 retulit,

161 3343 309 3424 postero
334 3327 393 3399 die
416 3329 568 3426 propius
593 3341 707 3399 castra
731 3325 913 3397 admoveri
938 3325 1081 3421 placuit.
1110 3327 1233 3396 Tertio

161 3439 260 3537 sigua
276 3441 313 3508 in
328 3438 488 3511 medium
505 3439 623 3536 campi
640 3436 851 3535 prolata,et
864 3437 993 3505 instrui
1006 3436 1100 3505 acies
1111 3450 1232 3533 coepta

194 3666 254 3712 (hu.
269 3666 390 3713 XXXIX.
407 3681 429 3712 r.
444 3667 474 3711 In
487 3665 613 3712 consilium
626 3662 670 3710 ud·
716 3662 768 3712 ἀνθ’
778 3662 864 3712 {aurei
874 3666 909 3727 τῷ
922 3655 1020 3739 ἀδηφΙῷ
1031 3662 1125 3732 Λευκίῳ
1139 3681 1231 3731 opere·

158 3744 253 3791 vocavit
268 3743 376 3808 legatos,
390 3744 503 3793 tribunos
520 3757 545 3793 et
561 3741 672 3808 primipi·
715 3741 835 3795 :tarum
846 3741 869 3791 is
879 3746 915 3808 τῷ
925 3743 985 3808 πρὸς
994 3740 1108 3808 Atriaque
1119 3743 1228 3811 πολέμῳ.

157 3823 224 3881 ium,
244 3823 435 3882 deliberaturus,
452 3822 525 3888 quid,
545 3833 591 3871 etc.
605 3822 671 3869 cons.
717 3818 815 3866 Cnoenm
829 3834 887 3867 vero
901 3819 1034 3868 Domitium
1048 3822 1229 3886 Appiuuusep-

157 3901 671 3962 ad1,ta,n.1,etv111‚6,n.6.Ad
714 3896 1229 3978 penarinsettos5r.pag.roqztpista

158 3998 212 4047 cap.
229 3983 320 4046 39-44,
337 3984 403 4032 eous.
419 3982 527 4048 Appiam
550 3984 606 4048 Syr.
621 3982 670 4040 30,
714 3978 854 4038 Πούπλιος,
866 3981 948 4029 ταῦτα
959 3978 1034 4029 εἰπὼν
1049 3981 1073 4038 ὃς
1084 3980 1174 4031 Hirtius
1192 3998 1230 4030 ru·

158 4060 206 4118 36,
223 4080 322 4125 quemu
339 4063 410 4111 Livio
424 4050 514 4126 sepius
532 4062 670 4124 discrepare
714 4058 870 4124 σηλιυόμινος
886 4056 1025 4126 ὑπεχώρει,
1041 4056 1176 4127 vindoniae
1193 4066 1230 4127 τῷ

158 4139 261 4189 videbis.
714 4131 813 4207 ἀδελφῷ
834 4139 920 4189 Γναῖον
940 4137 1052 4207 Δομίτιον
1071 4138 1226 4190 καταλιπών.

191 4236 215 4267 u.
227 4221 274 4268 Sub
290 4220 394 4285 pellibus
406 4217 532 4267 habendos
545 4216 633 4265 milites
642 4217 667 4282 s
713 4215 888 4280 Intelligendus
899 4228 980 4265 nutum
991 4218 1115 4267 Drakeub.
1131 4218 1230 4266 videtur

157 4298 212 4348 vide
223 4300 254 4347 ud
263 4302 295 4359 V,
305 4317 337 4358 a,
350 4316 376 4359 n.
392 4299 416 4344 5.
436 4325 469 4334 -
487 4295 513 4345 C.
528 4295 666 4352 Domitius,·
712 4295 757 4343 Cn.
769 4296 891 4342 Domitius
902 4295 1093 4354 Ahenobarbus,
1107 4298 1151 4360 qui
1163 4297 1231 4343 bien·

156 4378 227 4431 retu
241 4380 352 4448 Δομίτιον
362 4378 428 4425 hune
443 4376 548 4441 appellat
563 4378 627 4424 utut.
640 4375 667 4423 in
712 4374 755 4421 nio
764 4386 820 4422 ante
830 4375 917 4422 eousul
927 4387 1022 4422 creatus
1033 4376 1109 4423 Boios
1119 4375 1152 4422 ed
1160 4376 1226 4422 dedi·

156 4458 339 4524 Apophthegm.
346 4473 372 4521 p,
386 4472 443 4519 ¹97·
453 4456 493 4503 Sic
502 4454 568 4502 enim
576 4456 667 4518 inquit:
715 4456 806 4503 tionem
816 4454 898 4517 adegit
908 4468 916 4514 ς
926 4455 976 4502 rid.
987 4470 1059 4519 supra
1069 4456 1178 4503 XXXV.
1194 4470 1224 4500 ro

156 4538 228 4596 Γάϊος
248 4536 376 4605 Δομίτιος,
396 4536 420 4586 ὃν
436 4534 542 4587 Σκιπίων
562 4537 573 4586 i
590 4535 668 4604 W<
714 4546 737 4582 ct
753 4542 792 4588 to.
803 4534 847 4580 En.
