2722 5040
214 757 285 845 450
647 756 684 820 r.
715 756 846 821 mvn
1127 735 1245 850 atta

213 878 426 949 «videretur
440 898 571 970 regno,
591 875 619 942 is
638 873 822 944 consilium
841 875 1070 971 opprimendi
1087 875 1206 949 fratris
1220 903 1272 950 ce·

213 1022 229 1058 ι(
243 993 337 1088 pisse
351 985 555 1082 judicetur?

261 1103 357 1172 Xlll.
374 1101 649 1191 «Exsequamur
666 1108 786 1164 tamen
805 1119 1038 1192 quocumque
1056 1098 1166 1169 modo
1186 1124 1272 1170 con·

214 1244 230 1278 a
244 1210 318 1283 ficti
339 1206 504 1279 ordinem
529 1204 696 1274 criminis.
725 1203 890 1274 Pluribus
912 1205 1029 1276 modis
1053 1232 1091 1278 se
1118 1211 1270 1306 petitum

214 1354 229 1387 ιι
244 1321 453 1393 criminatus
472 1329 545 1401 cst,
567 1327 601 1384 et
619 1338 745 1384 omnes
763 1313 969 1385 insidiarum
987 1319 1083 1389 vias¹
1103 1320 1139 1388 in
1157 1344 1270 1390 unum

214 1431 339 1502 «diem
367 1426 530 1498 contulit.
559 1424 665 1494 Volui
692 1423 851 1495 interdiu
878 1451 961 1497 eum
985 1445 1067 1525 post
1091 1430 1271 1509 lustratio·

213 1573 229 1607 «
245 1564 346 1625 nem,
360 1560 474 1633 quum
489 1535 771 1621 concurrimus2,
785 1549 821 1606 et
835 1536 1003 1633 quidem,
1019 1541 1046 1609 si
1060 1539 1128 1611 diis
1141 1541 1273 1638 placet,

212 1683 229 1716 a
244 1648 498 1721 lustrationum
514 1644 591 1730 die,
605 1645 787 1715 occidere:
804 1646 920 1732 volui,
939 1674 1054 1745 quum
1071 1651 1115 1722 ad
1132 1676 1271 1722 coenam

213 1759 408 1841 «invitavi,
432 1779 573 1826 veneno
594 1755 747 1840 scilicet,
771 1757 919 1828 tollere:
942 1759 1060 1845 volui,
1078 1786 1194 1858 quum
1211 1786 1272 1833 co-

212 1901 228 1934 «
242 1870 427 1941 missaturn
445 1865 570 1963 gladiis
587 1867 738 1936 accincti
755 1891 812 1936 me
831 1872 973 1965 sequuti
989 1886 1091 1957 sunt,
1112 1871 1211 1945 ferro
1224 1877 1273 1945 in·

212 2011 228 2045 a
246 1979 418 2051 terficere.
432 1982 607 2073 Tempora
620 1975 768 2072 quidem
778 1978 898 2073 qualia
907 1981 975 2050 sint
987 1980 1031 2051 ad
1042 1983 1271 2079 parricidium

212 2091 375 2175 «electa,
392 2087 513 2158 vides:
533 2086 647 2173 lusus,
670 2088 845 2174 convivii,
863 2091 1131 2161 comissationis.
1156 2091 1274 2181 Quid?

210 2234 226 2266 (ι
242 2202 317 2273 dies
336 2195 501 2297 qualis³i
519 2223 593 2294 quo
614 2196 784 2269 lustratus
801 2200 996 2285 exercitus,
1015 2226 1090 2297 quo
1109 2203 1204 2272 inter
1222 2201 1272 2271 di-

212 2315 351 2382 «visam
383 2311 600 2391 victimaml,
629 2307 782 2404 praelatis
811 2311 997 2394 omnium,
1024 2313 1272 2407 quiunquam

211 2455 227 2488 «
240 2421 359 2506 fuere,
381 2417 598 2489 Macedoniis
616 2442 743 2515 regum
765 2421 874 2490 armis
893 2421 1017 2516 regiis,
1036 2420 1110 2491 duo
1129 2421 1195 2492 soli
1214 2435 1272 2490 tua

212 2545 404 2630 «tegentes
427 2529 556 2613 latera,
578 2541 703 2625 pater,
728 2527 884 2625 praefecti
909 2555 1055 2617 sumus,
1080 2546 1117 2602 et
1139 2555 1272 2628 sequu-

211 2675 226 2709 a
242 2658 319 2713 tum
337 2656 389 2711 est
406 2638 643 2710 Macedonum
664 2663 802 2736 agmen.
820 2646 897 2711 Hoc
911 2666 1000 2739 egn,
1019 2642 1125 2712 etiam
1141 2643 1170 2711 si
1187 2637 1272 2737 quid

212 2866 308 2919 agatur3
323 2856 407 2902 Bauer.
421 2852 494 2902 Cous.
510 2852 542 2899 ad
555 2854 601 2910 IV,
614 2839 644 2911 i,
655 2868 681 2900 n.
696 2861 721 2907 t.
761 2869 917 2916 paraveram.
933 2855 988 2918 lpse
998 2856 1097 2902 Perseus
1108 2855 1134 2901 in
1145 2854 1273 2902 accusatio·

212 2963 246 2971 -
258 2936 313 2981 lloc
323 2933 380 2980 loco
391 2930 487 2978 fratrem
498 2932 629 2995 interroget
639 2932 722 2978 Deme·
765 2949 796 2980 ne
817 2933 907 2981 nullam
928 2935 985 2982 lacit
1003 2934 1089 2982 veneni
1111 2935 1273 2989 mentionem,

212 3015 285 3069 ttius,
301 3029 358 3059 nuru
373 3012 432 3058 velit
445 3027 476 3057 ex
494 3027 521 3058 ee
538 3010 640 3058 formula
653 3010 721 3057 litem
766 3029 844 3076 neque
857 3014 928 3060 etism
942 3030 1053 3072 ceussm,
1071 3030 1115 3061 cur
1129 3025 1230 3062 vocatus
1243 3011 1271 3060 sd

212 3095 277 3143 iuter
291 3108 333 3140 eos
345 3090 488 3151 dijudicari,
497 3090 559 3136 hunc
571 3090 648 3152 legem
661 3090 722 3136 utri·
766 3108 859 3140 emnam
870 3108 883 3138 a
894 3092 966 3139 fratre
977 3093 1103 3151 abnuerit,
1113 3092 1151 3139 vel
1161 3093 1224 3141 hanc
1236 3090 1272 3138 rel

212 3190 259 3238 que
270 3172 333 3230 dici,
343 3181 371 3218 ut
384 3170 404 3216 is
416 3170 513 3215 fratrem
530 3169 667 3232 opprimere
682 3183 722 3214 vo·
766 3171 836 3217 aliern
854 3183 937 3234 aperte
956 3171 1055 3219 indicat.
1070 3198 1104 3208 -
1120 3170 1217 3218 Gladir's
1234 3186 1273 3218 ac·

212 3253 286 3301 luisse
299 3247 423 3308 credatur,
437 3248 479 3311 qui
490 3247 597 3295 timuerit
610 3263 641 3294 ne
655 3247 722 3295 vide·
759 3249 853 3311 pincti,
871 3251 934 3297 forte
949 3249 1064 3297 succincti
1069 3269 1079 3306 ;
1096 3251 1155 3298 Ern.
1177 3250 1218 3297 Nil
1239 3249 1272 3297 in-

214 3342 279 3379 retur
294 3329 356 3377 alter
376 3343 451 3390 regno
468 3326 573 3389 dignior.
590 3326 665 3387 Quod
678 3327 722 3373 sia
768 3342 850 3379 temet,

213 3415 300 3461 Perseo
318 3407 472 3461 admittatur,
489 3422 540 3453 non
559 3406 655 3453 dubitat
677 3408 723 3452 De·
803 3412 827 3456 3.
839 3410 925 3472 Quid?
933 3409 984 3457 dies
994 3410 1074 3474 qualis
1083 3416 1097 3456 θ
1106 3410 1165 3458 edd.
1177 3426 1190 3457 a
1202 3411 1271 3458 Grut.

214 3490 326 3547 rnetrius,
340 3486 399 3550 quin
413 3501 454 3532 sua
472 3485 502 3531 sit
517 3485 631 3545 victoria,
644 3496 668 3533 et
685 3486 721 3531 in·
766 3488 797 3536 sd
809 3489 906 3537 Crever.
919 3488 973 3553 quis
983 3489 1054 3536 dies?
1066 3490 1164 3553 qualis?
1174 3493 1228 3538 Hoc
1240 3489 1272 3536 ri·

214 3570 330 3616 sidismm
340 3565 437 3611 'crimen
452 3564 477 3609 in
493 3575 657 3610 accusatorem
669 3580 721 3611 ver·
766 3568 875 3631 gentium
886 3584 965 3631 neque
975 3567 1047 3632 quid,
1059 3570 1076 3615 i.
1088 3586 1111 3616 e.
1122 3584 1214 3633 porro,
1226 3569 1272 3632 pri·

215 3659 287 3696 tatur.
299 3648 345 3692 En.
766 3664 807 3694 sno
819 3647 900 3695 statim
916 3648 1025 3694 membro
1043 3648 1220 3711 praemittatur:
1233 3645 1273 3694 sed

249 3728 308 3774 Car.
331 3725 401 3770 xltt.
429 3738 449 3768 r.
473 3723 560 3768 Omnes
579 3721 722 3768 insidiarum
766 3727 813 3791 leg.
833 3726 876 3791 qui
891 3726 958 3781 ἀίω
976 3728 1061 3774 bauer.
1081 3727 1210 3774 Enimvero
1223 3724 1273 3790 quis

214 3802 353 3857 vissa-ide
361 3802 392 3848 1¹11
405 3802 449 3858 IV,
460 3801 508 3857 4⁸,
520 3815 545 3847 ¹¹·
558 3816 583 3849 2·
768 3806 818 3853 dies
834 3817 856 3852 et
873 3804 953 3868 qualis
973 3805 1023 3851 dies
1037 3805 1079 3850 vix
1097 3804 1228 3861 elisiernum
1250 3812 1273 3849 et

250 3901 273 3930 a.
296 3885 353 3928 Post
370 3878 551 3935 lustrationem,
573 3897 646 3944 quum
666 3897 723 3927 corr·
769 3884 910 3948 quid.³non
925 3900 1019 3947 semper
1033 3894 1069 3931 est
1083 3900 1173 3946 porro,
1188 3883 1230 3931 sed
1241 3880 1273 3931 el·

214 3960 347 4015 currimm;
360 3957 415 4005 vide
427 3958 458 4005 nd
468 3975 522 4021 cap.
535 3960 565 4015 6,
575 3976 600 4007 n.
617 3977 643 4016 r,
656 3977 679 4006 a.
690 3987 724 3995 -
766 3963 882 4028 lipticeet
896 3963 920 4009 in
933 3964 1022 4009 ellectu
1033 3962 1275 4024 refutationibusque,

215 4042 241 4088 Si
250 4041 297 4088 diis
303 4030 405 4103 placet}
418 4037 513 4084 vidend
524 4039 568 4096 lV,
579 4041 592 4086 3
603 4074 609 4094 ,
621 4055 645 4086 u.
658 4047 681 4093 t.
689 4065 724 4074 -
768 4042 806 4089 vel
822 4028 957 4090 acrioribus
971 4041 1204 4104 interrogationibus
1219 4038 1275 4088 dici·

218 4119 302 4175 Vodu',
318 4133 390 4181 qnam
402 4116 439 4163 ad
449 4132 543 4163 coeaam
555 4117 664 4173 invitavi,
681 4133 723 4164 are·
768 4133 820 4175 tur,
834 4131 860 4168 ut
875 4133 984 4168 nostrum
1002 4126 1075 4167 was?
1089 4131 1114 4168 et
1132 4122 1198 4167 wie?
1216 4133 1273 4184 pro:

216 4215 277 4247 rrerro
287 4194 386 4261 scilicet,
397 4193 498 4251 tollam
507 4196 540 4243 ob
549 4214 621 4259 quiem
634 4210 723 4245 metum
768 4200 828 4264 quid
846 4213 889 4248 aut
909 4201 979 4264 quale
997 4212 1047 4258 est,
1061 4199 1128 4263 quod
1149 4199 1222 4256 dicis,
1234 4208 1275 4246 sut

217 4283 328 4327 Perseum
359 4291 408 4321 non
437 4274 468 4321 ad
501 4292 594 4324 coenatu
617 4281 723 4335 senisse,
768 4279 836 4343 quod
855 4279 961 4327 dicitur?
976 4279 1048 4328 Cous.
1067 4293 1121 4341 cap.
1135 4293 1167 4339 9,
1184 4295 1211 4326 n.
1237 4292 1274 4323 so.

217 4356 334 4423 suspicari
361 4353 457 4401 videtur
476 4356 627 4413 Demetrius,
645 4374 724 4421 eoque
804 4369 827 4414 4.
850 4360 902 4419 Quo
925 4359 988 4405 inter
1010 4357 1112 4404 divisam
1134 4357 1272 4407 victimam,

217 4439 288 4485 etlam
312 4444 422 4499 spectent
444 4445 550 4481 extrema
579 4435 628 4482 lere
653 4435 725 4498 liujus
768 4449 814 4486 etc.
825 4438 856 4486 cs.
867 4439 1054 4501 olipa-Duo
1064 4437 1161 4484 solima
1173 4446 1275 4499 tegentes

217 4532 270 4579 cap.
289 4514 374 4562 rerba:
393 4513 509 4577 quoniam
522 4515 595 4560 semel
605 4530 725 4561 terrenum
770 4517 863 4573 laterem
877 4517 987 4564 similiter
996 4531 1080 4579 supra,
1090 4531 1143 4580 cap.
1155 4516 1184 4574 6,
1197 4515 1276 4562 latera
