2722 5040
167 804 231 874 116
588 809 626 874 Τ.
651 808 787 877 LIVII

159 952 340 1026 egressus,
360 925 456 998 haud
480 926 608 1024 procul
628 930 782 1000 statione
798 927 976 1016 hostium,
996 932 1224 1001 occasionem

159 1039 368 1135 opperiens,
386 1034 558 1106 consedit.
575 1042 618 1108 Et
633 1040 697 1134 qui
712 1040 872 1135 Pergami
887 1054 1009 1123 erant,
1028 1041 1223 1111 amentiam

158 1148 289 1244 magis,
310 1170 419 1243 quam
435 1144 620 1218 audaciam
638 1146 786 1218 credere
800 1171 894 1234 esse;
912 1164 948 1220 et
964 1149 1105 1235 hostes,
1131 1175 1222 1248 pann

158 1257 267 1355 lisper
282 1258 320 1326 in
338 1281 399 1328 eos
414 1256 524 1342 versi,
547 1271 588 1327 ut
605 1256 695 1326 nihil
712 1259 848 1328 moveri
865 1259 1053 1348 viderunt,
1072 1285 1141 1332 nec
1152 1262 1223 1359 ipsi

158 1368 357 1466 quidquam
383 1390 427 1437 ex
455 1365 559 1436 solita
584 1365 819 1463 negligentia,
841 1368 991 1466 iusuper
1011 1371 1119 1442 etiam
1143 1370 1222 1441 elu-

158 1481 284 1551 dentes
299 1477 514 1576 paucitatem
527 1473 555 1563 ⁵,
569 1490 768 1547 mutarunt.
784 1477 992 1575 Diophanes
1006 1482 1150 1576 quietos
1162 1481 1222 1552 ati-

156 1587 329 1685 quamdiu
348 1610 449 1673 suos,
468 1585 568 1657 velut
587 1586 631 1657 ad
652 1586 896 1684 spectaculum
916 1588 1027 1659 modo
1048 1589 1220 1678 eductos,

153 1699 333 1771 continuit
350 1710 578 1794 :postquam
605 1695 760 1795 dilapsos
789 1697 834 1767 ab
862 1696 1078 1769 ordinibus⁶
1097 1699 1220 1771 hostes

154 1809 261 1889 vidit,
281 1804 483 1904 peditibus,
504 1821 680 1903 quantum
707 1806 904 1878 accelerare
925 1824 1092 1905 possent,
1115 1812 1219 1907 sequi

151 1920 280 2015 jussis,
305 1921 382 2014 ipse
408 1917 575 2014 princeps
601 1919 696 1987 inter
719 1919 861 2013 equites
885 1942 968 1988 cum
994 1933 1111 1989 turma
1133 1944 1217 2005 sua,

153 2052 262 2125 quam
288 2041 410 2125 posset
433 2024 655 2098 effusissimis
678 2026 848 2113 habenis,
871 2028 1028 2099 clamore
1049 2029 1096 2100 ab
1116 2034 1218 2101 omni

153 2140 259 2210 simul
275 2137 396 2235 pedite
411 2153 521 2234 atque
534 2139 656 2234 equite
673 2137 836 2225 sublato,
854 2139 1044 2209 stationem
1058 2138 1217 2212 hostium

152 2250 349 2347 improviso
361 2248 509 2319 invadit.
520 2251 602 2319 Non
612 2247 778 2319 homines
789 2247 922 2330 solum,
936 2248 1000 2319 sed
1012 2250 1097 2346 equi
1109 2253 1215 2321 etiam

151 2363 286 2448 territi,
306 2383 422 2456 quum
445 2358 588 2429 vincula
612 2356 860 2454 abrupisseut,
885 2357 1159 2455 trepidationem
1180 2375 1217 2432 et

151 2469 349 2542 tumultum
373 2470 469 2540 inter
493 2491 579 2538 snos
602 2465 786 2554 fecerunt3
812 2468 919 2564 pauci
940 2467 1082 2539 stabant
1106 2472 1216 2568 impa-

150 2579 222 2649 vidi
236 2581 321 2675 equi
337 2604 344 2647 :
360 2603 422 2650 eos
437 2579 535 2673 ipsos
549 2601 625 2646 non
640 2591 823 2662 sternere,
840 2601 915 2648 nou
929 2576 1142 2663 infrenare⁷,
1153 2596 1214 2652 aut

149 2686 343 2759 ascendere
358 2685 461 2758 facile
478 2700 664 2784 poterant,
680 2684 798 2757 multo
813 2688 1009 2781 majorem,
1023 2714 1133 2785 quam
1146 2716 1216 2788 pro

148 2820 301 2867 numero
317 2797 483 2893 equitum
493 2792 521 2882 ⁸,
536 2809 711 2865 terrorem
730 2795 867 2866 Achaeis
888 2796 1139 2870 inserentibus.
1156 2806 1216 2872 Pe·

148 2905 241 2977 dites
258 2930 346 2976 vero
364 2903 519 2975 ordinati
535 2918 571 2974 et
585 2908 774 3002 praeparati
792 2930 934 3004 sparsos
950 2932 1017 3004 per
1032 2911 1212 3007 negligen-

147 3018 233 3086 tiam
253 3029 289 3085 et
307 3014 546 3084 semisomnos
563 3037 677 3111 prope
692 3014 809 3085 adorti
824 3029 908 3085 sunt
924 3042 932 3084 :
951 3015 1064 3087 caedes
1083 3020 1212 3115 passim

146 3126 305 3225 fugaque
331 3148 395 3221 per
417 3147 565 3220 campos
591 3122 683 3209 sacta
705 3139 769 3196 est.
791 3123 1018 3221 Diophanes,
1036 3145 1213 3223 sequutus

145 3235 300 3320 effirsos,
323 3231 444 3330 quoad
466 3246 586 3302 tutum
608 3230 695 3322 suit,
728 3258 860 3332 magno
878 3233 1089 3307 Achaeorum
1112 3242 1214 3336 genti

144 3346 275 3418 decore
296 3358 400 3442 parto
420 3344 691 3439 (spectaverant
705 3345 801 3418 enirn
816 3366 836 3414 e
852 3344 1035 3416 moenibus
1050 3352 1210 3446 Pergami

144 3480 219 3526 uon
239 3454 304 3523 viri
322 3450 454 3541 morlo,
470 3451 533 3523 sed
546 3449 689 3526 semine
705 3455 811 3527 etiam
822 3453 855 3549 “),
875 3455 914 3524 in
929 3455 1133 3552 praesidium
1147 3485 1211 3530 nr-

144 3567 199 3635 bis
217 3564 335 3635 rediit.

189 3679 283 3745 XXI.
304 3676 452 3745 Postero
474 3670 533 3745 die
556 3676 679 3772 regiae,
701 3676 812 3773 magis
835 3680 1041 3774 compositae
1057 3695 1094 3751 et
1113 3679 1209 3753 ordi·

142 3797 254 3867 natae,
272 3785 466 3867 stationes,
486 3784 694 3880 quingentis
712 3784 875 3881 passibus
893 3786 1037 3885 longius
1054 3789 1101 3861 ab
1117 3790 1210 3862 urbe

143 3907 344 3992 posuerunt
363 3907 497 3981 castra;
519 3908 555 3963 et
573 3894 692 3964 Achaei
721 3895 848 3967 eodem
882 3895 994 3970 ferme
1020 3915 1208 3999 tempore,

142 4150 190 4198 sit:
199 4134 421 4215 pugnaudum'isro
429 4157 524 4194 eentum
533 4144 653 4210 equitibus
698 4146 830 4197 videndum
851 4164 924 4215 supra
944 4149 976 4198 ad
999 4150 1089 4200 librom
1111 4153 1189 4201 xxn
1200 4188 1208 4211 ,

141 4230 184 4294 (in
201 4229 276 4276 tertio
295 4224 369 4290 man)
388 4224 502 4273 adversm
520 4236 650 4284 trecentos,
695 4244 750 4292 cap.
762 4243 792 4284 a,
807 4244 832 4274 u.
844 4236 867 4284 t.

141 4320 188 4357 etc.
210 4310 254 4356 En.
732 4323 756 4368 7.
767 4308 824 4354 Non
835 4317 942 4354 stemere
955 4307 1094 4375 ephippiis,
1107 4326 1156 4357 uon
1171 4310 1207 4360 in-

178 4387 201 4434 ⁵.
212 4383 395 4448 lmrpereeiam
407 4380 529 4431 eludentes
533 4383 650 4449 paucita-
687 4385 807 4452 firnata
817 4384 885 4434 cons.
896 4398 950 4436 not.
958 4388 982 4436 3.

142 4461 490 4520 temrridead1,36‚n·t·
570 4456 573 4461 ¹
730 4467 754 4513 8.
775 4464 909 4529 lusorem,
929 4482 1005 4530 quam
1029 4481 1079 4529 pro
1105 4481 1207 4514 numeru

175 4544 201 4591 0.
219 4541 333 4603 Dilapsos
354 4541 387 4588 ab
406 4538 531 4590 ordinibus
553 4540 649 4600 hona,-
693 4542 954 4607 equitumtmorem
968 4542 1169 4604 vid.v11,33‚n.
1182 4562 1205 4592 a.
