2722 5040
144 777 216 863 aas
570 775 607 840 r.
642 773 774 839 mvn
1058 751 1181 868 ὒζὲζὲξζῑ

142 913 175 975 si
190 930 263 973 tion
283 903 561 982 dimitterentur,
583 905 701 968 autin
712 903 975 995 perniciosam,
995 904 1029 967 si
1041 906 1124 996 quis
1142 905 1207 970 im·

136 1038 253 1112 [tense
272 1019 455 1096 retineret,
474 1009 683 1078 seditionem
701 1015 876 1078 exarsuri.
897 1007 1118 1080 Consulibus
1136 1034 1207 1081 arn·

144 1123 264 1193 bobus
281 1121 501 1218 provinciam
521 1120 669 1215 Ligures
686 1142 763 1188 esse
781 1133 924 1189 senatus
940 1118 1055 1213 jussit.
1074 1123 1208 1191 Praeto-

144 1259 199 1303 res
218 1231 301 1301 inde
320 1232 434 1300 sortiti
453 1244 546 1299 sunt.
568 1233 607 1297 Α.
628 1227 781 1298 Hostilio
799 1225 955 1315 urbana,
976 1230 1029 1298 Ti.
1048 1228 1209 1299 Minucio

143 1343 331 1440 peregrina
350 1341 506 1410 obvenit.
528 1344 565 1408 P.
586 1340 758 1409 Cornelio
777 1338 911 1423 Sicilia,
925 1344 964 1409 C.
981 1339 1111 1409 Maenio
1128 1343 1209 1410 Sar-

143 1454 251 1524 dinia.
285 1452 471 1549 Hispanias
501 1451 638 1534 sortiti,
667 1455 707 1520 L.
744 1450 951 1519 Postumius
982 1449 1210 1538 ulteriorem,

142 1566 193 1633 Ti.
210 1563 444 1659 Sempronius
458 1562 671 1631 citeriorem.
686 1566 721 1631 Is
732 1562 817 1657 quia
830 1582 1058 1632 successurus
1070 1565 1116 1652 Q.
1130 1560 1211 1631 Ful·

144 1674 203 1743 vio
221 1672 346 1742 Flacco
363 1685 456 1755 erat,
477 1696 521 1741 ne
535 1687 653 1741 vetere
670 1671 832 1741 exercitu
846 1672 1029 1767 provincia
1043 1671 1210 1769 spoliare·

142 1797 223 1869 tur,
242 1812 258 1846 «
271 1786 425 1872 Quaero,
443 1782 581 1877 inquit,
606 1781 651 1853 de
674 1797 730 1868 te,
749 1785 788 1851 L.
808 1782 967 1865 Minuci,
992 1805 1108 1879 quum
1128 1804 1210 1852 con·

143 1925 158 1953 «ι
175 1891 303 1963 sectam
323 1893 541 1990 provinciam
561 1895 723 1978 nunties,
742 1893 990 1977 existimesne,
1011 1890 1211 1962 Celtiberos

144 2019 351 2101 «perpetuo
375 2005 411 2072 in
435 2001 507 2072 fide
529 2026 737 2087 mansuros,
761 2004 809 2072 ita
833 2017 873 2072 ut
891 2004 967 2071 sine
992 2003 1153 2073 exercitu
1173 2025 1212 2071 ea

143 2145 159 2178 «
175 2115 357 2211 provincia
376 2112 533 2183 obtineri
551 2114 687 2211 possit?
703 2115 740 2184 Si
758 2137 877 2209 neque
893 2113 939 2184 de
955 2112 1027 2183 fide
1043 2111 1212 2184 Barbaro-

145 2256 161 2286 α
176 2248 257 2294 rum
275 2224 475 2320 quidquam
492 2224 676 2321 recipere?
699 2239 760 2293 aut
776 2221 953 2293 affirmare
970 2220 1075 2291 uobis
1093 2237 1211 2320 potes,

144 2349 211 2403 «et
237 2331 443 2403 habendum
469 2330 539 2401 illic
552 2333 688 2428 'utique
710 2334 907 2403 exercitum
928 2356 1071 2418 censes3
1091 2347 1211 2402 utrum

143 2443 320 2513 «tandem
342 2458 468 2513 auctor
488 2443 625 2512 senatui
644 2445 692 2512 sis
714 2441 1008 2540 supplementum
1027 2442 1064 2510 in
1088 2443 1211 2538 Hispa·

143 2555 269 2623 «niam
288 2551 474 2637 mittendi,
499 2567 540 2621 ut
561 2553 586 2620 ii
608 2551 740 2639 modo,
758 2552 893 2649 quibus
917 2553 1065 2621 emerita
1084 2552 1214 2647 stipen-

143 2661 233 2732 «dia
251 2664 341 2747 sint,
360 2662 490 2732 milites
511 2660 753 2745 dimittantur,
773 2660 955 2731 veteribus
976 2659 1154 2731 militibus
1170 2660 1211 2729 ti·

143 2802 158 2834 «
174 2796 280 2842 rones
300 2772 588 2841 immisceamur?
612 2796 678 2856 an,
704 2769 866 2841 deductis
885 2769 930 2839 de
955 2770 1139 2866 provincia
1160 2792 1212 2837 ve·

146 2912 162 2944 rt
177 2880 316 2952 teribus
335 2880 557 2977 legionibus,
576 2905 687 2951 novas
705 2877 957 2951 conscribendi
977 2895 1013 2949 et
1029 2876 1212 2964 mittendi;

145 3014 290 3088 «quum
310 3005 560 3088 contemptum
579 2986 812 3061 tirocinium⁵
832 2991 938 3060 etiam
954 2992 1114 3060 mitiores
1132 2995 1213 3059 Bar·

145 3134 161 3165 «
177 3100 282 3172 baros
299 3105 452 3172 excitare
471 3102 513 3172 ad
532 3099 783 3171 rebellandum
802 3101 938 3198 possit?
959 3102 1084 3187 Dictu,
1107 3121 1212 3196 quam

145 3241 161 3273 a
174 3237 231 3298 re,
250 3210 387 3282 facilius
406 3213 471 3299 sit,
491 3212 713 3309 provinciam
734 3212 879 3308 ingenio
895 3209 1051 3281 ferocem
1060 3208 1089 3297 θ,
1108 3207 1216 3280 rebel·

145 3352 162 3384 «
178 3321 354 3408 latricem,
370 3319 587 3392 confecisse?
603 3325 728 3391 Paucae
743 3307 921 3405 civitates,
935 3336 976 3391 ut
990 3319 1137 3417 quidem
1151 3342 1215 3415 ego

147 3430 305 3517 «audio,
328 3456 418 3528 quas
437 3433 553 3501 vicina
577 3433 732 3502 maxime
757 3429 909 3502 hiberna
929 3429 1159 3530 premebant,
1180 3431 1215 3498 in

148 3571 164 3605 «
177 3543 236 3635 jus
249 3541 498 3638 ditionemque
514 3552 732 3629 venerunt73
748 3542 937 3613 ulteriores
948 3543 986 3610 in
1001 3543 1110 3611 armis
1122 3553 1214 3611 sunt.

147 3683 164 3713 «
181 3654 269 3741 Quae
291 3676 405 3747 quum
427 3652 474 3721 ita
497 3652 582 3739 sint,
599 3676 668 3748 ego
686 3651 759 3746 jam
779 3649 888 3721 hinc⁸
905 3650 1079 3748 praedico,
1098 3654 1216 3719 Patres

150 3870 193 3931 qui
207 3884 256 3915 esse
272 3883 319 3932 pro
337 3881 397 3915 esset
414 3869 542 3933 legendum
559 3885 610 3917 esse
623 3886 661 3916 su·
742 3872 767 3917 6.
777 3869 929 3916 Provincim
938 3868 1034 3932 ingenio
1034 3867 1146 3931 ferocem
1156 3867 1218 3930 (pro

150 3947 258 4011 spicatas
270 3958 311 3994 est.
324 3949 370 3996 En.
706 3948 822 3995 vincialss
835 3959 920 3995 natura
933 3947 1063 4011 feroces)...
1073 3945 1218 4010 corifasiae,-

188 4033 211 4080 Ι..
231 4028 255 4073 L.
269 4028 334 4074 Post.
348 4029 404 4083 ult„
427 4028 463 4076 Ti.
474 4030 565 4090 Sempr.
577 4022 662 4085 citer.',·
705 4027 804 4075 vidend
818 4029 856 4083 11,
872 4036 917 4084 to,
926 4043 951 4073 n.
965 4043 989 4088 9.

151 4121 277 4168 perperam
291 4116 350 4153 vett.
368 4106 425 4152 edd.
437 4116 461 4153 et
473 4105 572 4168 quidam
585 4105 660 4153 codd.
744 4123 767 4167 7.
786 4110 817 4154 In
829 4107 873 4171 jus
895 4106 1060 4169 ditionemque
1081 4115 1217 4159 venerum

153 4188 182 4232 L.
193 4187 260 4232 Post.
270 4185 325 4242 cin,
337 4185 375 4232 Ίϊ.
385 4186 475 4248 Sempr.
487 4187 557 4234 uber.
568 4187 614 4234 En.
627 4213 661 4221 --
708 4185 765 4233 vide
779 4185 1031 4243 adxxxV,16,n.
1046 4192 1070 4238 t.

152 4266 188 4309 Ite
198 4263 255 4331 fide
272 4264 376 4312 Barbar.
390 4263 526 4327 quidquam
546 4265 662 4329 recipere,
745 4265 769 4312 8.
786 4266 840 4329 Ego
850 4262 908 4328 jam
925 4262 1074 4326 irinc(lorte
1094 4262 1219 4325 hicequi·

153 4343 210 4390 vide
218 4341 251 4389 ad
259 4344 321 4400 vn,
335 4349 380 4400 rt,
391 4359 417 4390 n.
431 4358 453 4388 r.
708 4343 810 4391 busdam
823 4340 903 4406 Mss)
913 4342 1038 4407 predico,
1049 4357 1114 4390 me...
1129 4356 1221 4405 napu-

188 4422 212 4469 5.
235 4422 401 4486 Contemptum
424 4421 579 4477 tirocinium,
602 4438 662 4469 con·
707 4423 797 4470 blicam
808 4421 1054 4479 ministraturum
1067 4420 1220 4476 νὶἀοιὰΠ,

154 4512 260 4564 innuptus
272 4503 386 4548 tironum.
709 4503 759 4559 64,
773 4518 798 4548 n.
814 4502 837 4547 3.
