2722 5040
191 758 256 832 138
610 761 648 828 r.
682 762 820 829 mvl-1
1106 739 1227 842 &⁶0:333

186 893 223 950 et
237 879 385 977 quando
400 894 437 951 et
455 904 530 977 quo
547 905 630 953 casu
646 894 773 979 captus
788 881 852 964 sit,
868 879 959 950 sicut
978 878 1151 977 pleraque
1168 880 1254 967 alia,

186 1012 315 1085 parum
340 990 436 1060 inter
458 1004 625 1061 auctores
649 1003 802 1062 constat.
823 988 890 1060 Alii
911 989 1090 1088 principio
1108 989 1215 1078 belli,
1234 1017 1255 1063 a

186 1097 358 1171 Chalcide
383 1105 519 1172 Oreum
540 1115 748 1199 petentem,
774 1101 1059 1172 circumventum
1080 1100 1126 1173 ab
1148 1102 1256 1199 regiis

184 1209 340 1282 navibus
355 1209 527 1301 tradunt3
549 1212 629 1298 alii,
650 1225 846 1309 postquam
866 1211 1058 1281 transitum
1079 1212 1117 1282 in
1136 1213 1255 1284 Asiam

184 1334 259 1409 est,
284 1345 368 1393 cum
398 1336 516 1393 turma
543 1320 751 1418 Fregellana
778 1322 926 1392 missum
958 1321 1184 1418 exploratum
1209 1322 1256 1394 ad

183 1430 280 1526 regia
298 1444 431 1516 castra,
451 1428 568 1503 effuso
587 1430 731 1502 obviam
749 1432 933 1528 equitatu,
948 1455 1063 1528 quum
1078 1433 1256 1532 reciperet

183 1562 281 1626 sese,
299 1541 339 1610 in
360 1565 404 1612 eo
423 1539 611 1640 delapsum
632 1540 791 1613 tumultu
812 1565 856 1611 ex
870 1565 987 1638 equo,
1006 1564 1090 1611 cum
1109 1537 1255 1613 duobus

184 1648 369 1747 equitibus
392 1676 627 1750 oppressum,
651 1653 701 1722 ita
726 1651 772 1722 ad
796 1674 919 1748 regem
943 1649 1142 1723 deductum
1163 1676 1253 1724 esse.

183 1759 278 1831 Illud
303 1761 387 1831 satis
410 1776 572 1850 constat,
591 1764 620 1833 si
644 1786 714 1860 pax
738 1785 822 1832 oum
843 1761 983 1860 populo
1006 1786 1158 1833 romano
1184 1785 1256 1833 ma·

183 1885 307 1959 neret,
327 1871 601 1974 hospitiumque
624 1873 791 1971 privatim
816 1873 894 1970 regi
919 1895 1002 1944 cum
1024 1870 1256 1969 Scipionibus

185 1997 300 2072 esset,
320 2009 441 2081 neque
461 1981 664 2071 liberalius,
686 2007 807 2080 neque
826 1981 1020 2080 benignius
1044 1981 1170 2054 haberi
1196 2007 1256 2054 co·

184 2090 285 2189 lique
310 2094 597 2182 adolescentem,
623 2118 733 2192 quam
756 2093 876 2165 cultus
895 2107 972 2179 est,
1000 2093 1171 2189 potuisse.
1194 2090 1255 2165 Ob

181 2200 259 2275 haec
278 2229 395 2303 quum
414 2204 611 2278 adventum
632 2210 669 2277 P.
692 2205 870 2303 Scipionis
891 2203 1030 2301 legatus
1049 2217 1254 2302 exspectas·
1314 2266 1317 2271 .

180 2328 258 2403 set,
276 2313 341 2387 ubi
362 2317 391 2388 is
413 2317 534 2404 venit,
561 2315 749 2388 consulem
767 2313 860 2401 adit,
887 2315 1073 2411 petitque,
1095 2326 1137 2383 ut
1156 2336 1255 2384 man·

186 2422 267 2495 data
285 2425 437 2496 audiret.

233 2539 376 2606 XXXV.
401 2536 583 2607 Advocato
607 2536 790 2633 frequenti
805 2535 955 2608 consilio
968 2547 994 2618 ¹,
1018 2535 1125 2633 legati
1143 2532 1256 2605 verba

184 2658 270 2714 sunt
287 2644 418 2716 audita.
440 2650 490 2728 la,
511 2650 630 2717 multis
648 2663 733 2717 anta
751 2645 990 2743 legationibus
1008 2643 1255 2743 nequidquam

184 2751 276 2824 rtltro
302 2761 462 2854 citroque
489 2757 535 2826 de
551 2781 649 2855 pace
674 2762 813 2844 missr's,
836 2781 918 2826 eam
941 2761 1058 2852 iprsam
1069 2753 1255 2849 fiduciam

184 2865 404 2960 impetrandi
417 2866 490 2936 sibi
499 2890 600 2952 asse,
621 2866 732 2951 dixit,
753 2865 857 2964 quod
865 2870 1010 2963 priores
1035 2862 1146 2959 legati
1165 2863 1259 2934 niti!

185 2979 444 3072 impetrassent.
453 2979 644 3071 Smyrnam
654 2981 749 3046 enim
759 2979 1045 3071 etLampsacum
1055 2971 1256 3043 atAlaxan·

184 3085 299 3156 driam
327 3087 507 3157 Troadem
533 3104 567 3157 et
584 3085 851 3182 Lysimachiam
872 3089 909 3154 in
933 3088 1084 3178 Europa
1093 3083 1255 3177 jactatas

184 3315 277 3364 tarum,
291 3305 333 3353 hic
352 3306 399 3354 luit
414 3309 442 3356 t.
455 3323 497 3355 aen
513 3308 557 3356 Cn.
572 3306 698 3355 Coraelim
742 3303 810 3362 sitio,
826 3313 874 3352 eto.
886 3303 959 3352 Gaul.
975 3301 1063 3365 Polyb.
1075 3303 1150 3359 xm,
1169 3315 1217 3359 ιι,
1231 3312 1256 3348 et

183 3383 280 3448 Scipio,
295 3384 370 3436 homo
381 3401 500 3449 nequam,
512 3386 576 3451 patri
586 3386 699 3434 renisam
743 3385 851 3448 Appiam
863 3384 918 3448 Syr.
930 3397 973 3444 aq.
984 3407 1019 3417 —
1028 3382 1091 3427 Eam
1105 3378 1255 3447 rpramfidu-

184 3462 257 3528 (vltl
272 3480 326 3529 cap.
342 3462 431 3528 37)et
446 3465 472 3512 in
489 3477 595 3530 pratum
618 3476 699 3513 motus
742 3461 808 3510 ciam
822 3460 971 3524 impetrandi
978 3470 1099 3516 erse‚eta.
1114 3457 1254 3515 «macta,

183 3555 281 3601 senatu3
297 3543 389 3591 vtum
403 3545 462 3592 XLI
470 3579 478 3604 ‚
487 3561 536 3604 ar,
550 3562 582 3606 ²7
593 3561 601 3601 ς
614 3544 697 3592 Valet.
743 3552 770 3589 nt
790 3540 892 3603 πίστις,
908 3541 942 3586 ait
954 3540 1045 3596 Doer.,
1061 3554 1112 3586 non
1125 3537 1204 3586 solum
1219 3549 1255 3586 eat

183 3623 286 3671 Maxim.
297 3625 350 3680 ΙΙΙ,
364 3624 429 3682 5,1,
448 3635 474 3672 et
482 3626 527 3683 w,
547 3625 562 3673 5
570 3658 580 3682 ,
591 3625 615 3672 3.
629 3623 698 3671 Alter
743 3617 908 3677 confidentia,
926 3616 971 3665 serl
989 3618 1061 3665 etim
1083 3616 1255 3664 documentum

183 3701 294 3749 Africani
321 3703 420 3763 majoris
446 3701 525 3762 filius,
550 3705 577 3751 P.
601 3701 697 3765 Scipio,
743 3699 780 3747 vol
798 3708 983 3763 agumentun,
998 3696 1066 3761 quod
1080 3695 1154 3744 tidem
1166 3696 1255 3746 iacit.-

183 3782 271 3830 mmi
284 3781 330 3828 luit
342 3782 448 3846 ingenii,
464 3781 507 3829 aad
521 3779 623 3829 infirmae
633 3780 697 3827 vale·
742 3779 796 3826 Nos
803 3792 861 3825 vero
859 3776 985 3845 fiduciam
991 3776 1032 3824 hio
1038 3774 1182 3839 simpliciter
1188 3789 1256 3837 spem

183 3860 292 3919 tudima,
307 3872 333 3909 at
349 3871 418 3925 pater
436 3860 568 3925 adoptivus
587 3860 698 3910 arriani
743 3855 925 3919 intelligendam
935 3870 1068 3903 oensemm.
1077 3855 1124 3902 En.
1135 3879 1170 3889 -·
1179 3853 1256 3914 Smyn

182 3939 299 3995 minaria
316 3939 366 3987 vid.
386 3941 446 3996 xL,
467 3947 514 3998 ta,
532 3940 624 3997 mv,
650 3945 698 3994 ιω
743 3951 802 3983 nam
820 3946 844 3982 ee
862 3937 1025 3998 Lampsacum
1038 3943 1063 3979 et
1075 3929 1256 3979 Alexandriam

185 4018 237 4069 cte.
258 4019 310 4068 Oll.
321 4023 347 4078 Ι,
364 4020 413 4076 33,
425 4020 494 4067 Brut.
512 4032 558 4079 19,
571 4029 596 4066 et
609 4017 640 4066 de
656 4018 698 4064 Sa·
747 4012 885 4069 Troadem
900 4011 999 4059 vidend
1012 4012 1123 4068 XXXV,
1137 4017 1182 4066 ta,
1194 4025 1220 4056 u.
1235 4025 1256 4056 r.

184 4110 249 4147 ineat.
263 4113 303 4148 rr.
316 4125 351 4135 -
372 4099 461 4145 Oreum
470 4096 555 4144 urbem
568 4096 697 4146 inlluboea
743 4092 903 4140 «Antiochus
916 4090 959 4137 has
978 4100 1027 4137 tres
1041 4089 1113 4138 urbes
1130 4104 1208 4151 neque
1232 4091 1257 4135 vi

185 4177 318 4233 lmula,‹le
335 4193 383 4240 qna
403 4174 459 4222 vide
478 4173 510 4222 ad
522 4175 652 4231 mul,
667 4175 696 4225 5.
743 4185 898 4234 expugnare,
918 4184 998 4231 neque
1024 4168 1209 4216 conditionibus
1232 4167 1257 4215 in

184 4274 208 4306 n.
219 4259 242 4305 8.
251 4259 338 4307 Monet
347 4255 421 4305 urat.
430 4254 492 4303 falso
502 4254 550 4316 legi
562 4253 659 4300 Oricum
671 4253 697 4300 iri
742 4251 874 4299 amicitiam
885 4248 1003 4313 perlicere
1016 4259 1144 4312 potueram
1156 4246 1212 4293 vite
1226 4247 1256 4293 ad

186 4337 331 4402 quibusda·
342 4334 417 4382 codd.
429 4336 475 4382 Eu.
486 4360 521 4370 —
532 4332 696 4397 Fregean
742 4332 868 4385 xxxul,
889 4329 937 4383 38,
960 4338 984 4373 et
1003 4328 1113 4383 XXXV,
1130 4333 1172 4378 ta.
1190 4326 1257 4371 Duas

192 4417 305 4482 l'rrgellm
318 4414 377 4463 urba
390 4412 547 4461 Volscorum.
560 4413 607 4460 Eu.
742 4411 890 4475 posteriores
909 4420 991 4456 umen
1005 4405 1093 4455 deinde
1105 4406 1132 4450 iu
1150 4414 1256 4466 potesta-

223 4496 331 4545 mr.
346 4510 366 4540 r.
376 4490 504 4542 Arlvoaata
505 4491 633 4558 frequenti
641 4507 697 4541 coa·
742 4504 791 4541 tam
800 4491 854 4552 ejus
867 4487 978 4545 vonisse,
990 4486 1105 4549 solosque
1116 4485 1257 4550 smyrneos
