2722 5040
170 789 234 909 31}ss
249 791 298 891 ’,ἒξ
333 812 427 879 Lm.
456 813 634 882 xxmx.
662 813 769 882 cap.
796 815 920 883 xxn.
946 820 1092 887 xxn1.
1144 816 1214 914 359

145 931 240 1005 sules
251 933 531 1030 procurarunt&
542 929 751 1028 Urbemque
764 932 1016 1005 lustraverunt.
1029 935 1103 1007 Sub
1117 935 1213 1008 idem

144 1058 292 1141 tempus
306 1055 400 1113 etex
414 1039 563 1113 Umbria
579 1044 787 1113 nuntiatum
800 1057 874 1130 est,
885 1046 1113 1145 semimarem
1128 1046 1215 1118 duo-

110 1146 114 1151 ’
145 1153 262 1227 decim
284 1151 400 1226 ferme
418 1176 535 1224 annos
554 1150 705 1224 natum⁵
724 1155 924 1225 inventum.
946 1155 989 1226 Id
1007 1155 1214 1253 prodigium

145 1262 426 1350 abominantes,
452 1264 566 1336 arceri
590 1286 744 1336 romano
770 1289 857 1363 agro
883 1269 1078 1364 necarique
1104 1292 1214 1365 quam

116 1375 305 1472 primum
331 1374 525 1468 jusserunt.
558 1373 694 1445 Eodem
721 1398 818 1445 anno
847 1375 938 1446 Galli
966 1376 1213 1474 Transalpini,

146 1485 359 1583 transgressi
375 1484 630 1556 in'Venetiam
650 1484 728 1555 sine
754 1485 991 1582 populatione
1011 1501 1074 1557 aut
1094 1484 1214 1573 bello,

145 1592 244 1667 baud
260 1591 390 1693 procui
407 1592 515 1680 inde,
536 1593 599 1665 ubi
617 1619 717 1666 nunc
737 1595 899 1694 Aquileia
916 1610 990 1683 est,
1010 1597 1130 1668 locum
1148 1621 1214 1693 op-

143 1702 233 1801 pido
256 1702 449 1776 condendo
472 1719 658 1801 ceperunt.
681 1708 821 1802 Legatis
842 1709 1021 1794 romanis,
1042 1707 1088 1778 de
1111 1730 1152 1777 ea
1174 1730 1215 1778 re

143 1829 245 1887 tram
262 1813 372 1912 Alpes
392 1816 529 1900 missis,
551 1839 767 1912 responsum
791 1831 866 1904 est,
887 1821 1017 1913 Neque
1028 1818 1213 1914 profectos

143 1951 193 1997 ex
205 1931 420 1998 auctoritate
428 1932 544 2022 gentis
560 1952 638 2012 eos,
654 1951 738 2009 nec,
756 1928 848 2024 quid
858 1933 896 1998 in
910 1927 1019 1998 ltalia
1021 1929 1210 2018 facerent,

142 2058 182 2107 sc
197 2040 299 2105 scire.
317 2038 357 2107 L
375 2036 499 2132 Scipio
515 2035 619 2107 ludos
635 2061 679 2108 eo
696 2051 884 2135 tempore,
903 2061 996 2135 quos
1017 2035 1116 2110 bello
1137 2041 1213 2107 An-

143 2142 257 2215 tiocbi
269 2147 411 2215 vovisse
425 2168 502 2216 sese
515 2143 672 2244 dicebat,
687 2172 732 2218 ex
743 2147 873 2219 collata
887 2146 933 2218 ad
946 2146 984 2217 id
998 2149 1151 2244 pecunia
1165 2146 1212 2219 ab

142 2250 312 2351 regibus‘
325 2252 601 2353 civitatibusque
614 2280 680 2354 per
694 2255 771 2328 dies
784 2255 911 2328 decem
925 2254 1019 2327 fecit.
1036 2261 1211 2354 Legatum
1248 2278 1251 2283 ’

145 2388 229 2436 eum
245 2378 328 2461 post
348 2363 619 2437 damnationem
641 2381 678 2438 et
695 2365 795 2438 bona
815 2365 984 2438 vendita⁷
1005 2367 1152 2436 missum
1173 2368 1210 2437 in

144 2475 285 2563 Asiam,
303 2473 349 2546 ad
372 2472 573 2547 dirimenda
594 2478 688 2548 inter
712 2476 932 2548 Antiochum
954 2490 991 2547 et
1011 2480 1209 2547 Eumenem

144 2608 246 2684 reges
264 2586 476 2674 certamina,
493 2585 659 2658 Valerius
671 2591 795 2659 Antias
812 2602 866 2660 est
879 2601 1022 2659 auctor:
1042 2601 1120 2658 tum
1135 2588 1208 2659 col·

144 2695 231 2769 latas
245 2699 279 2769 ei
292 2696 486 2793 pecunias,
502 2712 810 2795 congregatosque
823 2722 889 2795 per
905 2700 1022 2769 Asiam
1036 2696 1208 2784 artifices3

145 2819 196 2888 et,
209 2829 368 2903 quornm
388 2805 558 2878 ludorum
573 2822 655 2904 post
674 2805 811 2880 bellum
823 2863 833 2893 ‚
847 2809 885 2879 in
903 2832 979 2905 quo
993 2821 1098 2879 votos
1110 2809 1210 2881 dice·

143 2930 222 3000 ret,
244 2918 467 2987 mentionem
490 2940 566 2986 non
585 2914 748 3007 fecisset,
768 2917 813 2989 de
835 2919 877 2988 iis
895 2933 977 3016 post
993 2917 1208 3016 legationem

145 3025 292 3098 demum
310 3027 348 3096 in
368 3040 495 3097 senatu
512 3041 642 3098 actum.

192 3140 322 3209 XXlll.
343 3139 465 3228 Quum
476 3138 551 3233 jam
565 3138 603 3209 in
618 3140 715 3210 exitu
732 3162 850 3210 annus
863 3153 976 3220 esset,
994 3143 1038 3228 Q.
1054 3140 1208 3208 Marcius

145 3246 273 3320 absens
291 3249 500 3343 magistratu
517 3247 680 3320 abiturus
693 3262 779 3320 erat.
800 3254 858 3346 Sp.
883 3250 1103 3330 Postumius,
1118 3272 1209 3342 quae·

181 3539 206 3584 t.
217 3531 330 3580 Consules
346 3546 511 3599 procurarunt
530 3536 577 3582 boc
596 3551 653 3598 pro·
696 3534 913 3598 Virgilio,Georg.
932 3534 955 3587 1,
967 3531 1016 3586 345
1034 3542 1058 3578 et
1072 3547 1139 3594 seqq.
1151 3530 1206 3577 vide

146 3607 250 3672 digium
261 3609 313 3659 vid.
320 3613 342 3669 Ι,
351 3626 393 3670 ao,
404 3627 429 3660 n.
443 3613 655 3676 tre-Urbmqne
697 3622 722 3660 et
732 3615 825 3659 Festum
835 3612 860 3659 in
870 3627 931 3659 voce
937 3607 1113 3664 Amburbiales,
1123 3609 1207 3657 etSer·

145 3687 317 3746 lustraverant,
330 3690 364 3738 ita
376 3707 410 3738 sc.
425 3700 569 3755 peregerunt
581 3691 653 3738 sacti·
697 3693 762 3739 vium
772 3690 803 3739 ad
813 3690 928 3753 Eclogam
943 3692 997 3746 lll,
1012 3705 1053 3750 77.
1069 3691 1115 3738 En.

145 3763 237 3824 lidum,
253 3777 281 3815 ut
297 3768 382 3816 urbem
401 3769 566 3818 circumducta
582 3769 654 3816 luerit
731 3769 920 3818 &Samiramia
937 3769 989 3815 ΧΙΙ
1009 3783 1088 3815 aanor
1100 3779 1202 3825 nattam,

144 3845 271 3894 notanda
292 3847 398 3896 victima.
420 3847 543 3896 lustratio
560 3847 599 3896 vel
617 3848 652 3896 ln·
696 3858 742 3898 etc.
756 3845 855 3896 videnti
865 3847 977 3906 xxvii,
995 3848 1207 3905 11,n.5.-1d

144 3935 231 3982 tm,
249 3935 277 3973 ut
294 3927 396 3992 exponit
416 3928 486 3976 Crev.
502 3928 585 3986 xm,
603 3942 651 3983 ao,
691 3927 831 3994 prooi'gium
850 3926 1033 3985 abominantes,
1054 3926 1080 3975 b.
1100 3928 1116 3974 l.
1140 3930 1206 3976 exci-

145 4020 170 4051 ιι.
185 4019 216 4065 a,
230 4019 358 4053 commum
372 4014 423 4052 erat
435 4020 524 4053 nomen
542 4006 650 4053 omnium
695 4007 759 4055 disse
779 4021 864 4055 vocem
882 4006 1017 4070 Μαρίοις,
1038 4007 1204 4071 amplcabttur

144 4081 330 4142 sacrificiorum,
348 4084 374 4131 ln
396 4082 486 4148 quibus
505 4084 584 4132 hostia
605 4085 652 4131 cir·
695 4086 818 4135 natan.
836 4103 867 4134 ex
884 4086 953 4135 ,lulio
971 4084 1141 4150 obsequente,
1160 4090 1203 4151 qui

143 4161 341 4211 conducebatur.
358 4162 384 4210 Si
396 4162 487 4210 circum
502 4162 599 4220 urbem,
616 4163 654 4210 di·
696 4165 783 4227 tradit,
792 4182 846 4230 cap.
860 4166 901 4228 56,
913 4167 978 4213 hunc
990 4167 1127 4230 aretspicum
1133 4168 1204 4232 jussu

144 4240 243 4290 sebatur
253 4243 368 4307 peculiari
378 4245 476 4290 nomine
485 4240 651 4299 caladiam
694 4255 818 4294 neutum.
832 4247 878 4306 En.

144 4320 163 4366 si
173 4322 264 4370 mcum
273 4336 344 4387 agros
355 4321 506 4370 amimalia
514 4339 524 4378 ,·
532 4321 551 4368 si
560 4320 651 4368 circum
730 4325 756 4372 6.
768 4324 809 4371 lx
821 4324 912 4372 collata
923 4323 959 4370 ad
967 4322 1104 4388 idpecum'a
1118 4325 1149 4370 ab
1162 4341 1200 4368 re·

143 4400 290 4460 exercitum,
308 4398 377 4447 lumi
395 4400 582 4465 tppeilttiom
594 4399 652 4446 teti·
693 4402 779 4470 gilas,
790 4414 836 4451 etc.
848 4402 943 4451 sitienti
957 4402 1016 4460 XL,
1027 4409 1077 4459 tt,
1091 4418 1115 4448 n.
1127 4417 1149 4460 7.

144 4480 224 4528 nebat.
238 4479 396 4529 Amburbium
413 4478 557 4527 describitur
573 4494 587 4526 a
604 4478 651 4526 Lu·
735 4497 759 4542 7.
769 4482 827 4530 Post
837 4480 1020 4529 damnationem
1032 4492 1056 4527 et
1067 4481 1131 4527 bona
1145 4495 1204 4527 aert-

144 4575 219 4613 ωηο,
238 4564 264 4616 l,
279 4561 328 4619 592
342 4572 366 4605 et
383 4574 448 4624 seqq.
466 4558 622 4606 Ambarvalia
638 4575 650 4604 a
695 4561 764 4617 mim·
775 4559 831 4610 vide
844 4559 875 4608 ad
887 4558 1026 4606 XXXVIII
1036 4593 1042 4607 .
1054 4556 1084 4611 ll.
1097 4549 1134 4620 iq.
