2722 5040
121 850 184 952 tt:
197 854 246 966 3321
333 874 418 940 nm.
446 872 518 938 xn.
547 868 644 940 car.
672 873 779 938 xxv.
807 873 934 939 xxvi.
1085 878 1150 967 47¹

97 990 197 1064 rendi
215 989 363 1088 quidem
380 992 503 1089 signa²
524 992 694 1062 Romanis
712 995 883 1088 spatium,
904 1017 969 1064 nec
984 993 1030 1064 ad
1049 995 1158 1092 expli-

96 1101 245 1207 candam
255 1102 366 1173 aciem
382 1101 483 1172 locus
495 1117 598 1172 esset.
609 1099 769 1172 Conserti
783 1103 818 1170 in
833 1104 965 1199 portis,
980 1101 1157 1174 obstando

97 1212 224 1309 magis,
243 1235 352 1308 quam
367 1210 564 1310 pugnando
575 1264 585 1295 ,
598 1227 711 1282 castra
729 1210 945 1282 tutabantur.
965 1213 1039 1284 Sub
1053 1239 1157 1285 occa-

97 1345 176 1394 sum
195 1322 281 1394 solis
302 1346 416 1419 quum
436 1323 661 1393 recessissent
683 1321 824 1407 hostes,
845 1322 938 1393 duos
955 1325 1094 1421 equites
1113 1325 1156 1395 ad

97 1435 159 1504 Cn.
174 1429 333 1503 Baebium
347 1432 599 1530 proconsulem
614 1455 697 1502 cum
718 1433 827 1503 literis
846 1435 939 1506 Pisas
959 1433 1101 1521 mittit3,
1117 1451 1159 1507 ut

97 1540 246 1614 obsesso
261 1541 330 1613 sibi
348 1566 415 1640 per
429 1541 610 1613 inducias⁴
631 1566 739 1639 quarn
756 1544 912 1640 primurn
928 1544 1087 1617 subsidio
1102 1570 1159 1617 ve·

98 1651 198 1723 niret
218 1650 357 1723 Baebius
378 1654 573 1723 exercitum
593 1657 640 1722 M.
661 1653 803 1722 Pinario
824 1657 986 1750 praetori,
1009 1658 1108 1727 eunti
1122 1659 1157 1727 in

98 1760 319 1847 Sardiniam,
353 1761 554 1834 tradiderat.
586 1765 760 1833 Caeterum
794 1778 829 1833 et
858 1780 1020 1835 senatum
1049 1766 1159 1838 literis

99 1872 286 1943 certiorem
303 1871 403 1962 fecit,
423 1872 582 1944 obsideri
602 1897 623 1943 a
641 1871 838 1971 Liguribus·
849 1877 888 1942 L.
908 1876 1105 1959 AEmilium,
1124 1893 1160 1949 et

99 1985 144 2052 M.
168 1981 319 2055 Claudio
341 1984 528 2068 Marcello,
551 1983 654 2078 cujus
677 1984 838 2080 proxima
863 1983 946 2054 inde
978 1988 1159 2081 provincia

99 2107 194 2177 erat,
206 2093 362 2190 scripsit,
376 2109 437 2177 ut,
452 2096 480 2162 si
500 2092 680 2164 videretur
700 2094 751 2176 ei,
774 2095 968 2164 exercitum
986 2120 1030 2165 ex
1047 2098 1159 2168 Gallia

100 2200 302 2273 traduceret
319 2204 356 2272 in
374 2206 544 2301 Ligures,
568 2218 603 2275 et
622 2208 660 2274 b.
677 2201 855 2274 AEmilium
873 2202 1039 2276 liberaret
1062 2205 1158 2276 obsi·

99 2309 217 2382 dione.
240 2318 322 2383 Haec
344 2336 420 2384 sera
443 2311 564 2385 futura
578 2313 708 2384 auxilia
724 2327 834 2383 erant.
855 2314 1000 2410 Ligures
1013 2329 1160 2411 postero

100 2419 156 2493 die
169 2420 215 2492 ad
229 2438 342 2495 castra
354 2423 517 2494 redeunt.
531 2425 708 2509 AEmilius,
723 2448 835 2521 quum
851 2438 887 2494 et
899 2439 1070 2494 venturos
1084 2427 1162 2496 scis·

100 2545 169 2617 set,
190 2547 228 2603 et
244 2532 398 2604 educere
412 2536 449 2603 in
464 2531 598 2605 aciem⁵
615 2537 806 2630 potuisset,
825 2537 917 2604 intra
932 2534 1061 2604 valium
1076 2558 1161 2605 suos

100 2641 234 2727 tenuit,
253 2658 295 2712 ut
314 2643 516 2714 extraheret
534 2667 608 2713 rem
630 2643 724 2713 inid
747 2659 906 2743 tempus,
928 2670 1003 2741 quo
1024 2644 1162 2716 meius

101 2776 182 2824 cum
195 2755 355 2824 exercitu
370 2756 492 2824 venire
505 2778 526 2825 a
541 2755 628 2824 Pisis
642 2772 772 2851 posset.

146 2867 277 2935 XXVI.
296 2869 418 2934 Romae
436 2888 601 2960 magnam
616 2863 910 2961 trepidationom¹
931 2867 1041 2938 titerae
1057 2867 1164 2938 Baebii

102 2970 283 3057 fecerunt,
308 3001 351 3046 eo
375 2977 563 3068 majorem,
592 2974 691 3072 quod
718 3000 850 3072 paucos·
871 2995 954 3075 post
976 2979 1051 3048 dies
1070 2983 1163 3048 Mar·

101 3082 225 3168 celius,
239 3083 369 3157 tradito
383 3088 542 3157 exercitu
555 3084 681 3169 Fabio,
700 3090 851 3156 Romam
864 3111 980 3183 quum
993 3088 1162 3170 venisset,

102 3214 199 3291 spem
219 3194 372 3279 ademit,
390 3219 492 3279 eum,
512 3196 632 3292 quiin
652 3195 768 3266 Gallia
785 3210 895 3281 esset,
915 3199 1111 3267 exercitum
1128 3199 1162 3266 in

103 3304 250 3400 Ligures
273 3303 410 3376 traduci
431 3330 554 3402 posse,
575 3307 659 3400 quia
678 3304 813 3375 beilum
834 3330 916 3375 cunr
936 3307 1036 3375 Istris
1056 3322 1165 3386 esset,

104 3413 379 3510 prohibentibus
404 3416 580 3487 coloniam
609 3415 806 3511 Aquileiam
833 3415 983 3485 deduci:
1012 3442 1055 3486 eo
1080 3441 1165 3513 pro-

103 3521 234 3597 fectum
252 3525 419 3610 Fabium,
441 3552 560 3623 neque
579 3523 661 3596 inde
680 3523 842 3620 regredi,
861 3523 957 3595 bello
977 3525 1164 3607 inchoato,

104 3658 218 3730 posse.
238 3641 317 3708 Una
335 3654 371 3708 et
391 3663 431 3708 ea
450 3641 525 3735 ipsa
550 3636 702 3721 tardior,
723 3659 832 3731 quam
850 3650 994 3731 tempus
1010 3635 1167 3732 postula·

105 3741 184 3831 bat,
206 3744 354 3818 subsidii
383 3772 463 3845 spes
493 3763 586 3829 erat,
612 3747 642 3815 si
672 3746 837 3817 consules
865 3760 1100 3816 maturassent
1132 3751 1166 3817 in

136 3975 162 4007 a.
173 3961 212 4008 Ne
225 3960 343 4025 afferendi
351 3962 449 4025 quidem
459 3961 548 4026 signa(
558 3957 614 4007 vide
694 3968 717 4013 t.
736 3962 834 4008 Obsessa
852 3962 900 4008 sibi
907 3978 954 4024 per
971 3961 1081 4008 inducias
1090 3981 1098 4009 .·
1115 3963 1169 4008 ride

103 4037 227 4095 cdxxv,
238 4047 283 4096 (μ,
294 4056 318 4087 n.
329 4039 551 4102 a)1iomanr's,etc.
562 4039 614 4103 lege
658 4039 688 4085 ad
700 4043 736 4097 11,
755 4043 799 4100 18,
811 4057 836 4089 n.
852 4057 873 4087 1.

104 4131 146 4163 nec
164 4115 284 4182 ffmadi
296 4118 382 4183 sagara,
402 4131 449 4166 etc.
469 4119 508 4166 vel
526 4117 614 4165 deinde
695 4121 717 4165 5.
739 4120 847 4166 Edrrccre
862 4122 892 4177 in¹
906 4120 1001 4174 actm,-
1019 4119 1121 4166 vidend
1144 4122 1171 4174 1,

105 4196 191 4243 nedum
212 4197 248 4244 ad
265 4197 454 4260 explicandam
472 4200 548 4245 Grou.
567 4197 613 4244 Sed
659 4201 705 4248 23.
717 4215 742 4244 n,
754 4208 775 4254 t.

104 4276 214 4324 similiter
233 4279 259 4329 1.
276 4277 303 4333 3,
319 4275 409 4323 dieitur
426 4291 457 4322 ne
474 4288 550 4323 morte
564 4276 615 4339 qui·
694 4279 755 4325 Ctr.
765 4279 860 4326 xxv1.
884 4294 903 4324 1.
923 4280 1041 4342 Magnum
1063 4275 1170 4338 trepidu-

104 4353 158 4402 dem
174 4357 268 4411 AEaeoe,
289 4371 332 4401 aec
351 4355 452 4407 deinde,
472 4367 518 4403 etc.
537 4356 613 4403 θινὶ.
659 4358 765 4408 tionem.
792 4368 838 4405 etc.
858 4360 885 4408 τὸ
907 4374 1021 4418 ningaam
1048 4355 1170 4401 inficetum

141 4436 165 4482 3.
190 4434 249 4482 Cum
271 4433 344 4482 literis
363 4434 429 4482 Pisas
452 4434 536 4489 mittit,
562 4435 613 4482 scil.
659 4432 1170 4493 omniumr!ainedubitationedeiendnm

105 4512 216 4561 Rutilius
224 4513 392 4571 Paulinam&
406 4512 615 4577 Pandusleg.pro
661 4515 761 4576 putebat
783 4514 923 4562 Gronovius
942 4530 996 4559 eum
1014 4509 1171 4559 distinctione

107 4592 182 4642 Pisas.
195 4591 243 4641 sed
254 4594 320 4641 conf.
330 4610 384 4658 cap.
401 4609 439 4655 ¹9·
661 4604 716 4656 post
721 4592 845 4657 severant.
