2722 5040
142 717 212 804 452
571 720 608 784 r.
642 720 781 788 nvn
1058 694 1181 811 att:

144 840 265 912 «festo
282 841 378 910 inter
393 836 545 934 aequales
562 837 713 934 largiore
731 840 817 909 vino
835 863 916 908 sum
937 863 1031 909 usus.
1049 841 1104 907 Tu
1118 862 1207 935 quo·

143 975 266 1047 «que,
291 950 419 1036 velim,
443 948 622 1043 inquiras,
648 973 720 1044 qua
746 948 886 1034 laetitia,
910 972 986 1045 quo
1007 947 1090 1019 lusu
1110 945 1205 1046 apud

91 1126 96 1148 ,
145 1090 160 1124 κ
176 1084 234 1132 me
250 1059 471 1133 celebratum
489 1057 696 1128 hesternum
712 1060 917 1130 convivium
933 1061 998 1147 sit,
1016 1058 1079 1129 illo
1100 1060 1205 1130 etiam

145 1173 313 1268 u(pravo
339 1167 516 1260 forsitan)
538 1169 670 1265 gaudio
694 1168 918 1267 provehente
930 1181 954 1259 ¹,
973 1170 1073 1267 quod
1095 1171 1133 1239 in
1147 1170 1207 1264 ju·

144 1283 283 1353 «venili
307 1303 492 1353 armorum
513 1281 706 1351 certamine
727 1304 809 1378 pars
826 1295 950 1352 nostra
966 1305 1042 1351 non
1059 1277 1209 1350 inferior

145 1430 161 1463 «
177 1396 305 1468 fuerat.
325 1392 467 1463 Miseria
492 1390 565 1461 haec
593 1404 629 1462 et
648 1401 790 1462 metus²
815 1391 998 1487 crapulam
1022 1389 1124 1461 facile
1146 1414 1207 1460 ex·

145 1518 391 1589 «eusserunt3
418 1526 498 1599 quae
521 1502 549 1570 si
573 1527 649 1571 uon
671 1503 964 1585 intervenissent,
986 1500 1209 1572 insidiatores

145 1641 243 1689 «nos
269 1615 376 1712 sopiti
396 1612 605 1707 jaceremus.
635 1613 672 1681 si
694 1610 843 1682 domurn
864 1625 962 1682 tuam
982 1622 1209 1708 expugnatu·

144 1760 160 1794 (ι
174 1752 256 1809 rus,
271 1738 374 1822 capta
387 1722 515 1806 domo,
532 1720 721 1793 domiuum
733 1720 986 1795 interfecturus
1003 1747 1118 1809 eram,
1134 1746 1208 1793 non

145 1854 432 1935 «temperassem
445 1835 531 1903 vino
547 1834 584 1903 in
600 1858 715 1903 unum
734 1832 853 1904 diem?
870 1858 945 1903 non
959 1832 1091 1904 milites
1106 1831 1209 1903 absti-

145 1981 161 2015 «
178 1949 336 2018 uuissem
354 1969 455 2016 meos
466 1939 503 2011 ³?
518 1948 582 2031 Et,
602 1967 648 2013 ne
667 1967 734 2041 ego
751 1967 810 2013 me
826 1942 923 2013 solus
943 1943 1052 2013 nimia
1075 1941 1208 2040 simpli·

146 2090 162 2124 e
178 2062 284 2131 citate
299 2071 422 2143 tuear,
441 2055 517 2151 ipse
532 2077 680 2150 quoque
694 2054 840 2122 minime
855 2053 970 2124 malus
988 2077 1029 2124 ac
1048 2055 1210 2151 suspicax

146 2168 306 2252 «frater,
331 2164 438 2237 Nihil
458 2163 562 2234 aliud
582 2169 676 2248 scic,
704 2165 841 2259 iuquit,
867 2163 961 2234 nihil
979 2189 1120 2259 arguo,
1144 2169 1213 2234 nisi

146 2311 162 2343 u
179 2279 282 2376 quod
300 2301 380 2346 cum
389 2277 495 2365 ferro
515 2281 745 2345 comissatum
767 2291 952 2344 uerierunt.
977 2275 1013 2344 si
1032 2299 1210 2371 quaeram,

146 2421 162 2453 α
178 2389 276 2460 unde
303 2386 340 2456 id
363 2386 480 2483 ipsum
507 2385 652 2469 scieris3
675 2408 821 2455 necesse
847 2384 914 2454 erit
941 2399 976 2455 te
1002 2385 1125 2472 fateri,
1151 2400 1211 2456 aut

148 2530 163 2561 a
179 2498 447 2596 speculatorum
462 2508 609 2565 tuorum
625 2493 769 2592 plenam
789 2494 937 2565 domum
955 2493 1064 2567 fuisse
1076 2520 1211 2583 meam,

149 2621 242 2679 «aut
260 2606 340 2677 illos
361 2608 409 2676 ita
430 2619 552 2702 aperte
570 2605 763 2702 sumpsisse
780 2602 934 2692 ferrum,
945 2602 996 2677 ¹ut
1014 2630 1141 2680 omues
1158 2609 1211 2677 vi·

149 2749 165 2782 «
180 2718 317 2789 dereut.
344 2720 410 2799 Et,
429 2740 475 2785 ne
501 2715 591 2812 qnid
615 2716 690 2813 ipse
712 2729 774 2785 aut
798 2717 899 2813 prius
914 2717 1129 2813 inquisisse,
1152 2732 1211 2789 aut

150 2860 165 2893 u
180 2850 279 2898 nunc
303 2827 495 2896 criminose
514 2826 757 2922 argumentari
775 2824 977 2916 videretur,
996 2842 1033 2898 te
1052 2853 1211 2925 quaerere

150 2969 166 3003 «
181 2963 226 3010 ex
240 2938 301 3024 iis,
319 2960 412 3032 quos
427 2937 664 3021 nominasset,
677 2933 844 3029 jubebat,
856 2962 903 3006 an
918 2933 1053 3007 ferrum
1068 2937 1212 3009 habuis·

150 3048 280 3120 esent?
295 3060 357 3134 ut,
374 3060 545 3141 tanquam
563 3045 601 3114 in
615 3070 654 3115 re
672 3044 804 3134 dubia,
825 3072 939 3143 quum
957 3047 994 3118 id
1011 3051 1212 3145 quaesisses,

149 3191 165 3225 α
182 3158 283 3256 quod
302 3158 369 3255 ipsi
389 3155 581 3242 fatenturl,
597 3181 665 3255 pro
680 3159 852 3227 convictis
866 3157 1099 3229 haberentur.
1115 3161 1212 3249 Quin

149 3299 165 3333 r
180 3285 220 3340 tu
240 3268 329 3338 illud
351 3268 460 3362 quaeri
478 3265 604 3361 jubes,
628 3292 716 3337 num
740 3269 792 3338 tui
811 3268 999 3340 occidendi
1018 3295 1123 3342 causa
1141 3268 1211 3342 ser·

151 3412 166 3444 e
182 3406 264 3450 rum
284 3379 524 3476 sumpserint?
542 3403 630 3449 num
651 3402 710 3449 me
729 3394 876 3453 auctore
903 3397 937 3452 et
962 3382 1120 3453 sciente?
1138 3385 1212 3451 Hoc

187 3587 327 3637 Caum.
341 3602 364 3634 r.
378 3586 426 3633 Illo
438 3586 525 3633 etiam.
534 3620 553 3633 ..
567 3585 663 3650 gaudie
707 3579 844 3636 inlautum,
856 3579 968 3627 nonnulli
982 3580 1054 3629 etiam
1068 3584 1163 3631 armati.
1176 3582 1213 3632 Ci

150 3665 309 3729 procedente5
319 3665 375 3712 ride
387 3664 420 3712 ad
430 3667 472 3723 11,
485 3665 531 3724 50,
540 3681 566 3712 n.
578 3666 602 3712 3.
706 3673 760 3722 cap.
771 3659 786 3705 6
796 3668 821 3705 et
832 3677 854 3720 7.
868 3659 969 3708 Comites
982 3660 1085 3708 malebat
1094 3662 1214 3712 Gran.—

189 3761 214 3791 α,
234 3744 334 3792 Miseria
349 3743 402 3791 lm
423 3755 448 3790 et
465 3756 554 3801 mem,
578 3744 664 3791 mima
706 3737 733 3782 Si
741 3753 859 3801 quaram,
877 3739 940 3785 unde
951 3739 1062 3801 idipsum
1070 3741 1214 3799 aciei-imo

154 3823 265 3872 conditio
274 3834 299 3871 et
309 3823 447 3887 periculum
456 3839 567 3882 reorum
577 3837 665 3887 utpu-
707 3817 760 3864 cult
770 3817 867 3866 sithen!
880 3818 911 3865 ab
924 3817 1039 3866 omnibu·
1053 3821 1151 3884 scriptia
1168 3837 1214 3870 no·

154 3903 200 3950 sim
212 3901 320 3950 miseret
332 3902 429 3950 mt'seria
447 3902 478 3949 de
489 3902 550 3962 reis,
565 3918 664 3966 praeeet*
707 3898 776 3956 stria,
785 3899 885 3947 Heernii
898 3900 925 3947 L.
939 3913 964 3955 t,
974 3908 998 3945 et
1006 3899 1062 3947 edd.
1072 3910 1134 3949 antt.
1146 3902 1212 3965 Mog-

154 3981 198 4028 tim
205 3981 383 4029 innocentibus.
392 3983 462 4030 Cous.
473 3983 551 4030 Grou.
559 3994 583 4031 et
590 3981 663 4030 Dralt.
708 3992 760 4024 eim
771 3993 803 4025 ex
811 3978 866 4025 cod·
876 3993 921 4024 ⁸1¹0
932 3977 1094 4040 addiderunt3
1104 3979 1181 4029 Drek.

155 4060 185 4107 ad
196 4059 223 4107 h.
236 4060 253 4107 l¹
268 4071 292 4106 et
301 4061 396 4108 Ernesti
408 4060 475 4110 clav,
493 4061 545 4111 cic,
558 4087 588 4098 ..
598 4061 663 4109 lusi.
744 4065 768 4112 4.
780 4058 854 4119 Quod
863 4058 909 4120 ipsi
909 4056 1037 4121 fatentur,
1052 4058 1216 4124 narsetem·

156 4139 263 4187 dictores
276 4155 320 4185 nos
331 4139 465 4207 εἰρωνικῶς.
709 4143 768 4183 tur?
783 4137 933 4200 Ambiguum
950 4147 1030 4185 tamen
1048 4138 1134 4195 inerit,
1148 4138 1217 4202 quasi

192 4219 217 4267 3.
233 4218 290 4264 Non
303 4216 390 4266 milites
405 4219 571 4266 abstinuissem
583 4235 647 4266 meos
653 4254 662 4276 ,
708 4215 739 4262 ad
750 4217 879 4265 consilium
892 4217 1000 4283 Philippi
1012 4218 1145 4282 pertineat,
1156 4233 1218 4281 qu:-

156 4297 249 4346 eodalea
265 4313 308 4344 seu
323 4296 451 4356 convivas,
464 4299 505 4361 qui
524 4313 619 4345 meeum
641 4309 665 4346 et
709 4297 798 4354 tentis,
813 4308 841 4343 nt
852 4296 981 4345 fateantur.
994 4297 1076 4358 Quare
1083 4297 1165 4361 aptior
1176 4295 1215 4343 bie

156 4377 324 4437 decurrerant,
338 4387 432 4441 etpost
448 4392 606 4432 eoenemme
620 4393 664 4424 eu·
709 4374 869 4433 indicativus,
891 4391 922 4422 ex
941 4376 1058 4424 Demetrii
1080 4390 1214 4440 penem.
1246 4406 1251 4414 -

157 4468 239 4516 crore,
256 4455 286 4504 ad
306 4457 402 4505 intrem
418 4457 490 4504 simul
511 4456 605 4506 iverant
626 4471 665 4503 oo
709 4455 793 4503 bauer.
890 4496 894 4502 .
