2722 5040
181 677 247 757 242
441 763 444 767 .
547 666 565 695 ·’
612 674 650 740 r.
685 672 823 740 mvn
1007 683 1010 689 ·
1090 650 1216 755 3:533}

176 806 404 903 exspectari?
430 805 556 872 Castra
576 800 644 872 illis
665 800 843 899 capienda
866 825 957 885 esse,
980 806 1018 872 irt
1038 825 1124 898 quoe
1144 827 1243 875 com-

173 916 301 1014 pulsus
317 914 366 985 ab
385 913 454 983 levi
467 927 656 983 armatura
668 911 779 981 hostis
792 908 951 1006 trepidet.
970 910 1174 984 Praecedere
1189 927 1242 984 ta·
1324 942 1327 947 ⁴

177 1024 374 1119 menjubet
385 1023 500 1095 levem
511 1037 970 1118 annaturam3quae,quum
983 1035 1244 1123 staretagmen,

177 1134 388 1231 colligendis
405 1156 472 1229 per
492 1131 651 1202 tumulos
673 1131 771 1217 telis,
788 1145 829 1201 ut
847 1129 994 1201 missilia
1014 1130 1242 1221 sufficerent,

176 1246 274 1316 haud
292 1268 403 1341 segne
418 1241 454 1311 id
470 1243 587 1339 ipsum
607 1256 751 1340 tempus
766 1239 1072 1338 consumpserat³.
1088 1247 1163 1314 Jam
1181 1269 1242 1317 ca-

177 1358 259 1427 stris
282 1350 644 1452 appropinquabant3
662 1365 700 1422 et
722 1350 836 1436 Galli,
854 1375 902 1422 ne
920 1375 1048 1448 parum
1067 1377 1105 1426 se
1122 1357 1241 1425 muni-

176 1481 297 1537 menta
320 1489 384 1535 sua
408 1476 594 1563 tegerent,
621 1462 748 1555 armati
773 1485 841 1559 pro
871 1460 966 1532 vallo
996 1466 1240 1536 constiterant.

176 1575 308 1679 Obruti
325 1573 458 1646 deinde
472 1575 573 1643 omni
588 1560 720 1670 genere
737 1571 910 1658 telorum,
929 1589 1062 1669 quum,
1078 1599 1153 1673 quo
1167 1575 1243 1673 plu·

178 1709 294 1759 resae
316 1685 499 1760 densiores
518 1697 642 1770 erant,
667 1706 711 1752 eo
733 1683 853 1755 miuus
870 1683 952 1752 vani
972 1682 1170 1782 quidquam
1188 1687 1242 1756 in·
1348 1723 1351 1728 ·

179 1796 368 1868 tercideret
384 1794 466 1880 teli,
484 1797 578 1864 intra
596 1791 729 1862 vallum
749 1808 935 1863 momento
953 1798 1128 1892 temporis
1147 1820 1242 1867 com-

177 1906 381 2005 pelluntur,
401 1902 615 1974 stationibus
639 1917 780 1972 tantum
804 1900 918 1974 firmis
940 1904 984 1974 ad
1010 1907 1106 2002 ipsos
1125 1906 1242 1979 aditus

176 2032 363 2114 portarum
380 2013 524 2085 relictis.
541 2018 583 2083 In
598 2011 885 2100 multitudinem,
900 2016 1123 2113 compulsam
1136 2017 1174 2087 in
1189 2041 1243 2088 ca·

176 2143 268 2213 stra,
289 2128 343 2196 vis
361 2127 487 2221 ingens
504 2123 691 2193 missilium
710 2122 866 2221 telorum
888 2125 1165 2219 conjiciebatur3
1185 2141 1241 2215 et,

176 2238 358 2309 vulnerari
385 2235 539 2315 multos,
564 2232 718 2317 clamor,
749 2235 949 2331 permixtus
974 2237 1166 2308 mulierum
1187 2253 1242 2309 at-

177 2373 250 2444 que
270 2370 467 2444 puerorum
497 2340 714 2440 ploratibus,
748 2341 980 2441 significabat.
998 2351 1040 2417 In
1063 2373 1144 2436 eos,
1178 2344 1241 2446 qui

177 2469 298 2553 portas
326 2451 542 2524 stationibus
566 2453 639 2522 suis
665 2451 884 2535 clauserant,
903 2453 1087 2552 legionum
1112 2460 1241 2530 antesi-

177 2565 284 2661 gnani
311 2563 383 2661 pila
406 2563 651 2656 conjecerunt.
669 2563 713 2631 Hi
726 2587 813 2632 vero
830 2565 929 2632 nonl
948 2561 1242 2654 vulnerabantur,

177 2673 257 2752 sed,
285 2669 579 2742 transverberatis
613 2673 745 2754 scutis,
773 2671 937 2769 plerique
964 2675 1059 2745 inter
1078 2699 1129 2753 ,se
1156 2701 1242 2747 con·

179 2785 266 2855 serti
291 2779 501 2867 haembant3
529 2806 598 2852 nec
628 2781 762 2852 diutius
794 2784 969 2881 impetum
996 2789 1242 2858 Romanorum

179 2908 437 2964 sustinuerunt.
875 2904 878 2909 '

228 3006 355 3074 XXIII.
382 3001 589 3072 Potentibus
613 3003 684 3096 jam
710 3004 843 3101 portis,
863 3007 963 3102 prius
984 3030 1094 3103 quant
1114 3009 1241 3079 irrum-

180 3222 231 3286 gsri
242 3220 360 3284 loquendi
372 3233 459 3284 genere
471 3218 521 3266 viel.
534 3221 561 3277 I,
579 3227 607 3276 t,
626 3236 651 3268 n.
666 3221 689 3267 5.
733 3223 915 3286 guentismque
926 3239 1017 3288 eorpus
1024 3237 1175 3290 penetrasse,
1183 3229 1245 3293 quid

217 3305 241 3350 3.
255 3305 331 3367 Segne
341 3313 432 3365 tempus
445 3310 640 3362 consumpserat,
653 3316 690 3347 se·
734 3298 832 3348 tandem
841 3301 957 3366 Impedit,
968 3305 1099 3366 quominus
1108 3305 1174 3355 huno
1184 3325 1243 3372 quo·

181 3384 249 3446 gnis,
261 3380 373 3444 segniter.
734 3377 866 3440 quelocum
874 3380 1243 3450 ituexplicemuslfflesequen-

216 3469 241 3516 t.
251 3459 286 3507 112·
295 3474 355 3506 vero
370 3473 419 3503 nors
437 3454 513 3503 modo
526 3455 689 3503 vtrlnerabart-
733 3455 800 3504 tibus
815 3457 878 3504 Livii
893 3459 972 3506 verbis
991 3459 1035 3507 sed
1046 3465 1242 3514 transverberatis

182 3554 229 3598 tur,
248 3538 291 3585 sed
302 3538 373 3585 etism
387 3535 463 3599 (vide
475 3535 506 3582 sd
516 3536 542 3592 1,
554 3543 598 3590 to,
614 3550 639 3581 n.
657 3550 666 3580 1
680 3532 690 3598 )
733 3536 953 3590 scutis,ete.sddit
962 3538 1040 3588 idem:
1050 3543 1153 3602 «Quum
1163 3557 1243 3603 seuts,

182 3616 377 3666 transverberatis
390 3614 462 3661 scutis
470 3613 582 3678 plerique
592 3613 654 3660 inter
666 3629 691 3660 se
735 3614 855 3661 testudine
869 3616 937 3678 qussi
952 3611 1154 3692 (συνασπισμῷ)
1167 3625 1243 3681 lecta,

182 3695 287 3744 conserti
299 3693 435 3743 terebant.
448 3702 538 3739 stantes
549 3693 574 3738 ln
585 3702 653 3739 arcto
667 3702 691 3738 et
736 3693 768 3740 ita
783 3694 846 3741 iuter
857 3711 882 3741 se
898 3697 1119 3760 conjungerentur,
1132 3713 1159 3749 ut
1173 3706 1243 3751 unlus

183 3776 249 3824 velut
263 3772 383 3822 testudine
401 3772 463 3817 lecta
481 3771 578 3818 structis
596 3783 651 3818 aute
665 3787 691 3818 se
735 3773 797 3820 scuti
812 3790 867 3837 pers
887 3773 988 3822 dimidia
1004 3776 1129 3826 dImldism
1145 3781 1243 3830 alterius

182 3865 207 3903 et
224 3851 362 3913 conjunctis
379 3848 471 3905 scutis,
496 3866 599 3913 quorum
621 3851 690 3915 plura
734 3851 885 3915 superficiem
898 3864 1003 3918 tegeret,
1018 3854 1070 3904 sieri
1083 3859 1186 3907 omniuo
1199 3878 1243 3909 sre-

184 3949 234 3982 uuo
258 3931 308 3979 Ietu
339 3928 442 3976 telorum
466 3940 535 3976 erent
559 3927 690 3986 translim
734 3947 765 3993 pe
779 3929 876 3991 debuit,
896 3944 923 3980 ut
941 3949 992 3981 uno
1008 3935 1114 3999 pilorum
1129 3939 1180 3986 ictu
1193 3941 1244 3988 dou

184 4011 248 4059 nul.
262 4010 300 4057 ct.
313 4008 400 4056 Carsu.
415 4005 474 4054 uolt.
485 4007 548 4054 Gall.
564 4010 590 4064 I,
606 4008 654 4066 ⁹15,
666 4019 691 4056 et
734 4021 803 4057 scuta
815 4011 1001 4073 colligerentur,
1017 4027 1042 4062 et
1057 4016 1104 4072 sic,
1124 4018 1244 4082 coIIIgstis

184 4092 249 4154 Lips.
266 4087 320 4135 Mil.
331 4101 391 4132 rom.
404 4085 451 4138 111,
463 4091 522 4138 4.-
531 4086 588 4132 Non
598 4086 690 4134 Dukeri
734 4088 926 4150 motiunculis,
939 4105 1075 4156 pugnantes
1086 4113 1185 4161 quoque
1194 4100 1245 4147 col·

184 4184 280 4218 sensum
293 4165 382 4231 probet
393 4162 509 4226 ltoering.
520 4187 531 4204 «
541 4181 615 4226 quum
625 4201 631 4223 ,
641 4168 689 4221 ait,
734 4167 800 4231 ligati
815 4172 866 4217 slve
879 4171 985 4218 conserti
994 4172 1113 4222 hermene
1122 4200 1142 4224 n.
1158 4178 1244 4225 Totius

185 4266 235 4298 non
252 4247 314 4295 sumi
326 4255 434 4299 tuntum,
448 4239 490 4287 sed
504 4234 575 4288 etissd
591 4246 691 4307 probari
734 4247 782 4294 loci
800 4259 895 4296 sensum
914 4251 946 4297 ita
963 4253 1101 4315 expositum
1110 4256 1196 4315 juvare
1211 4255 1245 4302 vi·

184 4327 344 4395 possit,jscta
358 4322 405 4386 plis
419 4319 508 4384 sepios
521 4322 546 4366 in
556 4324 630 4370 scutis
638 4335 691 4372 tsn-
735 4326 824 4373 dentur
834 4329 963 4375 tumverbs
970 4331 1079 4393 Cereris,
1090 4333 1107 4384 l.
1115 4333 1133 4381 l.
1143 4344 1193 4381 tum
1201 4347 1244 4381 so·

183 4405 310 4458 summoto
322 4400 398 4450 infixe
407 4399 518 4454 haesisse,
530 4399 594 4448 haud
605 4403 636 4448 ad
646 4421 691 4467 pu·
736 4406 788 4452 rulo
799 4422 862 4463 non,
877 4423 932 4469 qne
943 4407 973 4454 ud
984 4410 1185 4472 significationem
1203 4417 1242 4464 τοῦ
