2722 5040
158 818 282 920 tta:
370 847 525 914 urana
550 843 728 912 xxxvl.
756 844 861 911 car.
888 844 1006 911 xxv.
1166 849 1212 940 47

140 961 237 1033 nibus
249 977 354 1049 erat,
372 964 477 1061 quod
494 964 647 1036 Romani
662 988 791 1061 aggere
806 979 842 1034 et
857 965 971 1035 vineis
989 980 1025 1037 et
1042 966 1215 1039 omnibus

140 1097 241 1171 supra
267 1088 407 1145 terram
434 1075 623 1173 operibus,
646 1071 775 1145 subtus
798 1073 1015 1146 Macedones
1038 1077 1215 1149 cuniculis

141 1183 424 1282 oppugnabant,
443 1199 481 1257 et
498 1187 535 1256 in
552 1186 688 1283 asperis
712 1183 799 1254 iocis
824 1184 912 1255 silex
932 1210 1025 1283 saepe
1051 1187 1216 1285 impene-

142 1293 278 1365 trabilis
296 1293 398 1367 ferro
417 1294 645 1368 occurrebat.
665 1298 732 1378 Et,
753 1312 867 1391 quum
891 1318 1020 1392 parurn
1041 1297 1216 1394 procede-

142 1420 195 1476 ret
224 1408 439 1504 inceptum,
468 1432 535 1505 per
563 1405 747 1502 colloquia
777 1405 984 1503 principum
1014 1407 1219 1504 oppidanos

145 1515 304 1587 tentabat
318 1542 383 1588 rex
394 1573 405 1606 ,
417 1531 460 1588 ut
473 1517 603 1589 urbem
618 1515 819 1603 dederent3
833 1514 930 1587 haud
944 1515 1096 1607 dubius,
1112 1521 1219 1616 quin,

143 1628 170 1695 si
180 1628 282 1724 prius
291 1628 464 1700 Heraclea
476 1643 581 1726 capta
590 1625 703 1711 soret,
716 1628 888 1698 Romanis
900 1652 938 1698 se
951 1629 1092 1725 potius,
1107 1655 1217 1727 quam

144 1736 231 1823 sibi,
249 1737 408 1809 dedituri
427 1753 566 1826 esseut,
583 1761 760 1835 suamque
778 1739 928 1833 gratiam
945 1738 1074 1808 consul
1092 1740 1130 1809 in
1150 1739 1216 1810 ob-

145 1848 282 1919 sidione
298 1847 485 1928 liberanda
503 1847 663 1920 facturus
680 1862 772 1918 esset
784 1843 809 1916 ³.
829 1851 904 1919 Nec
921 1872 1005 1919 eum
1022 1849 1148 1945 opinio
1164 1865 1220 1921 est

145 1955 335 2028 frustrata:
356 1958 549 2043 confestim
571 1959 670 2030 enirn
691 1956 737 2029 ab
755 1958 925 2029 Heraclea
945 1973 1050 2057 capta
1067 1963 1218 2031 nuntius

145 2070 263 2153 venit,
286 2083 328 2139 ut
345 2071 620 2168 oppugnatione
638 2069 867 2141 absisterett:
883 2073 1026 2166 aequtits
1043 2094 1136 2157 esse,
1158 2096 1217 2141 ro-

146 2203 272 2249 manos
286 2179 436 2269 milites,
451 2187 518 2278 qui
528 2186 608 2251 acie
622 2181 855 2251 dimicassent
869 2203 952 2248 cum
968 2181 1116 2266 AEtolts,
1126 2206 1222 2277 prce·
1305 2180 1313 2191 ’

146 2293 219 2357 mio
242 2294 406 2363 victoriae
429 2291 577 2362 habere.
604 2296 655 2362 lta
679 2314 860 2362 recessum
881 2288 928 2359 ab
946 2290 1068 2360 Lamia
1090 2305 1164 2380 est,
1183 2307 1221 2364 et

146 2400 361 2497 propinqum
380 2400 483 2473 clade
502 2398 628 2473 urbis⁵
647 2402 738 2499 ipsi,
756 2425 804 2471 ne
822 2400 912 2497 quid
926 2401 1042 2472 simile
1055 2417 1220 2499 pateren-

147 2521 222 2595 tur,
241 2509 462 2609 effugerunt.

147 2751 186 2798 hic
198 2750 329 2815 leguntur,
342 2755 429 2804 mutila
443 2767 469 2805 et
481 2767 597 2821 corrupta
610 2771 662 2805 esse
705 2770 761 2820 qua
774 2765 850 2803 tentet
858 2755 947 2814 hostis,
955 2754 986 2802 ab
1000 2754 1134 2819 oppidanis
1144 2756 1220 2805 anim·

147 2831 662 2896 credebant3nectsmensaemendareco·
704 2835 801 2884 adverti
824 2846 942 2900 possunt,
964 2850 1040 2898 qrsum
1063 2834 1144 2892 enise,
1169 2848 1218 2885 etc.

146 2911 197 2958 nati
214 2924 281 2961 sunt.
298 2916 322 2962 Δ
341 2914 415 2964 notu
432 2931 531 2982 quoque
548 2917 660 2965 nondum
704 2912 765 2972 doc,
778 2931 822 2975 co,
835 2915 917 2963 veloh
928 2915 976 2963 hoc
989 2915 1069 2978 ipsum
1086 2915 1175 2964 Limite
1186 2917 1219 2963 si·

146 2993 275 3057 pmpicm
288 3009 317 3042 ao
329 3010 387 3044 vera
398 2994 475 3045 lectio
493 2996 622 3055 restituta;
636 3009 660 3046 et
705 3004 770 3055 tum,
784 2995 866 3059 major
875 2993 1024 3062 difficultas,
1041 3003 1089 3041 eto.
1101 2995 1147 3043 un.

147 3071 209 3118 forte
217 3071 265 3136 teg.
274 3075 371 3139 oppidis
382 3092 434 3141 qua
447 3077 517 3125 breve
532 3078 589 3140 (vlt
599 3077 659 3126 mili.
741 3076 766 3124 3.
783 3077 907 3142 Sacraque
914 3075 1025 3141 gratiam
1038 3077 1126 3124 consui
1137 3077 1162 3125 in
1176 3078 1220 3126 ob·
1233 3124 1236 3129 .

146 3147 384 3214 ,inepiscendum
391 3157 516 3220 panditur
527 3157 606 3218 (inter
615 3159 660 3205 La·
703 3156 799 3204 sidione
811 3157 940 3205 liberanda
947 3155 1065 3221 facturus
1084 3168 1144 3204 esset
1159 3173 1168 3204 :
1183 3160 1220 3205 ni·

147 3228 220 3278 niara
234 3231 444 3301 Heracleamque),
453 3248 489 3293 et,
501 3236 588 3291 etiam,
601 3253 659 3283 ma·
704 3237 807 3295 mirum,
824 3238 932 3285 liberata
946 3235 1076 3284 obsidione
1085 3236 1153 3284 urbis
1162 3253 1217 3300 gra-

147 3309 191 3357 nia
210 3309 236 3358 in
257 3325 387 3378 conspectu
406 3328 480 3374 sunt,
500 3316 553 3366 soil.
572 3317 660 3365 Iamiae
704 3317 763 3365 tiam
782 3318 814 3366 sd
831 3335 858 3366 ss
878 3317 1010 3376 relaturus,
1028 3316 1081 3364 sive
1100 3317 1149 3364 sibi
1172 3318 1220 3365 soli

148 3389 365 3452 timanthe»,
378 3405 404 3443 et
423 3394 546 3443 Heracleas
564 3396 659 3444 Lamia·
704 3397 873 3446 vindicaturus
889 3409 953 3446 essct
967 3394 1117 3467 conmLEn.
1134 3422 1169 3433 --
1182 3399 1222 3445 De

148 3467 194 3516 ἡ.
203 3469 245 3517 sto
254 3473 337 3520 omnia
345 3474 471 3522 rsfsrenda
480 3475 578 3523 suntad
587 3476 660 3523 situm
705 3477 831 3526 locutione
842 3479 867 3525 in
877 3476 1004 3525 obsidione
1014 3474 1155 3532 liberanda,
1166 3476 1218 3525 rid.

148 3549 392 3615 “propinquitatem
405 3553 516 3614 urbium,
535 3556 605 3616 cujus
619 3555 661 3604 de·
706 3559 806 3616 xxm,
821 3559 850 3616 8,
863 3574 889 3603 n.
900 3566 924 3613 t,
935 3557 983 3602 En.

148 3629 276 3692 scriptioni
292 3632 366 3680 etiam
386 3634 514 3698 prasentia
531 3635 661 3683 verborum
742 3646 766 3694 t.
776 3636 883 3685 Nuntius
894 3635 977 3691 venit,
992 3646 1019 3681 ut
1027 3650 1052 3683 o.
1061 3651 1088 3684 a.
1094 3652 1106 3693 ‚·
1123 3634 1179 3684 vide
1188 3636 1221 3686 ad

150 3715 258 3773 tsmpora
272 3712 378 3760 maxime
391 3714 549 3764 conveniunt.
564 3716 662 3763 -vu-
706 3719 782 3775 VIII,
802 3732 845 3778 19,
861 3732 887 3764 n.
901 3731 940 3763 so.

149 3797 227 3848 garam
246 3789 358 3840 defendit
374 3794 539 3858 Doeringius,
556 3795 662 3859 satisque
744 3797 768 3842 5.
786 3792 1052 3859 Etpropinquaeclade
1065 3793 1130 3842 urbis
1144 3796 1222 3842 Hera·

149 3869 305 3918 commodam
318 3881 342 3919 et
355 3873 510 3937 perspicuam
523 3873 595 3936 hujus
612 3876 663 3924 loci
707 3875 780 3931 clear,
800 3873 916 3938 quoniam
936 3885 1126 3938 expugnarant
1144 3875 1220 3923 Hera·

149 3951 293 3998 sententiam
302 3952 339 3999 sio
350 3953 480 4018 explanare
489 3953 537 4001 sibi
546 3954 659 4004 videtur:
704 3954 768 4010 olea,
780 3954 849 4018 prim
862 3969 934 4017 quam
946 3954 1055 4001 Lamiani
1070 3953 1102 4000 ad
1114 3952 1221 4002 deditio·

150 4028 241 4091 etquis
250 4031 340 4078 Lamia
353 4049 427 4095 quam
436 4031 506 4097 (tarn)
516 4050 571 4098 pos.
588 4046 624 4081 est
635 4034 661 4081 in
704 4050 760 4081 nem
771 4033 940 4097 adigerentur,
955 4033 1015 4097 ipsi,
1028 4033 1116 4080 tneotae
1131 4035 1221 4081 antae

150 4109 372 4174 tnm.tum(quam)
387 4110 435 4159 hoc
448 4114 529 4175 ipsum
542 4112 661 4176 oppidum
705 4109 792 4175 (coni
810 4112 842 4160 ad
858 4115 913 4171 111,
932 4120 975 4174 47,
993 4128 1018 4159 n.
1038 4110 1084 4175 ι),
1105 4128 1137 4159 ne
1157 4113 1220 4176 quid

150 4187 215 4252 desp.
224 4206 290 4254 reg„
306 4190 412 4256 desuper
424 4192 521 4256 regioni
533 4192 663 4251 imminet,
705 4190 783 4238 simile
794 4203 954 4254 paterentur,
969 4189 1123 4256 effirgerant,
1136 4208 1219 4239 evase·

150 4281 180 4313 ea
193 4284 264 4316 maa.
276 4281 344 4333 parte
354 4305 361 4328 ,
371 4287 420 4335 qao
431 4271 500 4318 breve
512 4271 555 4319 titt.
567 4306 575 4330 ,
587 4271 661 4320 breve
706 4282 764 4318 mnt
774 4270 852 4318 simile
865 4269 1003 4326 excidium,
1012 4269 1065 4318 scil.
1075 4269 1124 4317 hoo
1135 4287 1201 4317 anno
1212 4286 1220 4318 ι

149 4348 255 4411 spatium
264 4362 316 4410 quo
327 4351 465 4413 oppugnari
475 4361 500 4398 st
512 4350 594 4398 invadi
601 4366 661 4418 pos·
705 4361 761 4398 nam
784 4351 865 4397 lamia
887 4365 953 4397 anno
980 4348 1079 4396 demum
1107 4350 1219 4411 sequenti

149 4426 180 4472 ait
198 4426 334 4490 oppidum,
357 4428 471 4488 uidetur,
492 4431 662 4494 conspicitur,
706 4429 993 4496 (vid.xxxvt1‚a)a
1013 4428 1131 4475 Romanis
1147 4439 1218 4489 capta

149 4505 228 4552 oculis
249 4505 432 4570 oppidanorum
454 4508 589 4570 subjectum
610 4523 662 4569 est,
707 4521 757 4566 cst;
775 4508 899 4556 Drakenb.
909 4507 958 4555 Sed
968 4523 1018 4555 rem
1028 4505 1152 4569 aegerrime
1162 4505 1220 4553 tulit

149 4594 173 4629 et
194 4600 261 4633 omn.
282 4583 309 4630 in
329 4601 409 4648 consp.
427 4598 496 4641 srmt,
510 4599 534 4635 et
552 4590 662 4652 singula,
707 4588 854 4653 Philippus3
871 4587 920 4634 vid.
931 4587 1036 4644 mx,
1049 4585 1082 4631 23
1094 4595 1118 4631 et
1131 4585 1174 4631 πθ.
