2722 5040
205 746 274 832 544
630 751 668 816 τ.
703 750 841 817 mvn
1113 728 1239 847 ῧῐὲῑὲζῖῑ

203 869 334 966 peratis
344 871 372 956 ⁴,
386 867 587 964 Aquileiam
602 869 774 966 pervenit.
794 867 850 941 Ibi
865 869 995 941 certior
1010 866 1145 958 factos,
1166 897 1266 945 exer-

202 981 313 1051 citum
339 978 556 1050 incolumem
585 1003 684 1066 esse,
711 979 852 1076 scriptis
877 979 989 1050 literis
1015 985 1191 1069 Romam,
1220 1009 1266 1055 ne
1350 988 1354 997 '

203 1091 530 1178 tumultuarentur,
555 1090 654 1187 ipse,
677 1091 834 1161 remissis
859 1090 1020 1179 auxiliis,
1048 1116 1129 1188 quae
1154 1093 1266 1164 Gallis

202 1203 459 1298 imperaverat,
475 1198 521 1270 ad
536 1197 709 1296 collegam
722 1214 776 1273 est
791 1199 983 1297 profectus.
995 1206 1123 1299 'Romae
1136 1226 1264 1300 magna

198 1335 244 1382 ex
265 1304 480 1406 neco'pinato
501 1307 620 1378 loetitia
639 1307 732 1381 fnit:
754 1309 915 1383 delectus
939 1313 1090 1383 omissus
1110 1326 1185 1402 est3
1202 1338 1264 1384 ex·

199 1419 396 1503 auctorati,
419 1418 482 1514 qui
509 1433 733 1501 sacramento
760 1418 970 1508 dixerant⁵;
999 1435 1035 1492 et
1061 1423 1262 1509 exercitus,

199 1532 263 1627 qni
285 1529 435 1599 Arimini
456 1527 658 1625 pestilentia
680 1526 829 1603 allectus
850 1546 947 1617 erat,
968 1530 1118 1602 domum
1138 1530 1263 1605 dimis-

194 1665 269 1712 sus.
301 1640 403 1725 Istri,
429 1639 566 1735 magnis
594 1639 707 1737 copiis
736 1665 851 1737 quum
877 1655 991 1712 castra
1014 1638 1112 1710 haud
1135 1642 1262 1738 procul

197 1749 353 1823 consulis
371 1749 495 1821 castris
516 1747 714 1836 haberent,
741 1763 931 1847 postquam
955 1749 1109 1821 alterum
1130 1774 1260 1822 consu·

197 1862 267 1932 lem
287 1884 370 1931 cum
390 1859 549 1930 exercitu
572 1883 667 1929 novo
688 1858 872 1932 advenisse
894 1859 1109 1958 audierunt,
1130 1862 1258 1959 passim

197 1973 235 2042 in
255 1971 415 2042 civitates
435 1967 562 2066 dilapsi
591 1983 676 2039 sunt
700 1997 708 2038 :
734 1971 900 2042 consules
922 1971 1122 2069 Aquileiam
1143 1971 1180 2041 in
1203 1970 1258 2043 hi-

86 2103 89 2111 ’
198 2081 310 2154 berna
328 2079 487 2175 legiones
505 2077 740 2151 reduxerunt.

244 2197 292 2262 Vl
303 2190 373 2285 (X).
387 2189 517 2261 Sedato
533 2188 677 2262 tandem
690 2191 816 2262 Istrico
831 2191 1020 2273 tumultu¹‚
1035 2205 1259 2263 senatuscon-

196 2304 330 2374 sultum
345 2299 480 2371 lactum
500 2314 574 2387 est,
589 2312 630 2369 ut
644 2298 810 2371 consules
826 2300 922 2373 inter
940 2325 977 2371 se
996 2314 1257 2397 compararent,

196 2427 277 2485 uter
287 2436 415 2484 eorum
426 2408 472 2480 ad
482 2411 626 2482 comitia
636 2409 804 2483 habenda
814 2415 965 2483 Romam
977 2410 1121 2486 rediret.
1134 2414 1255 2502 Quum

194 2520 380 2593 absentem
401 2517 576 2591 Manlium
596 2519 734 2591 tribuni
750 2519 886 2618 plebis,
905 2528 945 2594 A.
965 2521 1123 2592 Licinius
1140 2525 1256 2595 Nerva
1344 2618 1350 2623 η

194 2645 230 2700 et
245 2633 284 2701 C.
302 2630 465 2726 Papirius
482 2627 644 2714 Turdus,
663 2633 701 2700 in
719 2629 955 2703 concionibus
972 2630 1186 2719 lacerarent,
1203 2656 1256 2701 ro-

193 2741 448 2836 gationemque
477 2739 770 2837 promulgarent,
801 2765 846 2812 ne
876 2741 1030 2812 Manlius
1057 2755 1141 2839 post
1171 2738 1256 2813 Idus

193 2850 362 2923 Martias²
384 2848 611 2945 (prorogatae
637 2873 794 2946 namque
818 2850 1029 2922 consulibus
1042 2852 1117 2947 jam
1134 2852 1172 2921 in
1193 2876 1253 2921 an·

195 2984 283 3031 num
308 2958 501 3057 provinciae
522 2959 646 3053 erant)
668 2960 860 3057 imperium
878 2960 1068 3049 retineret,
1093 2962 1145 3033 uti
1170 2984 1254 3033 cau·

193 3095 268 3142 sam
305 3068 487 3175 extemplo
523 3068 667 3154 dicere,
704 3092 818 3165 quum
855 3067 987 3149 abisset
1021 3072 1252 3167 magistratu,

192 3171 334 3278 posset3
361 3173 447 3248 hnic'
470 3176 648 3274 rogationi
672 3181 715 3269 Q.
736 3177 845 3249 AElius
871 3179 1006 3276 collega
1032 3181 1251 3267 intercessit,

168 3330 171 3335 >
193 3289 403 3385 magnisque
430 3287 724 3359 contentionibus
748 3287 928 3375 obtinuit,
955 3315 1000 3361 ne
1024 3287 1249 3393 perferretur.

191 3402 260 3469 Per
279 3423 341 3469 eos
362 3397 438 3468 dies
462 3400 512 3468 Ti.
539 3398 772 3495 Sempronius
798 3397 981 3470 Gracchus
1004 3414 1040 3470 et
1065 3401 1102 3469 L.
1125 3402 1249 3469 Postu·

191 3509 285 3579 mins
301 3506 451 3578 Albinus
465 3533 510 3579 ex
524 3508 692 3604 Hispania
706 3511 856 3579 Romam
873 3533 987 3604 quum
1004 3512 1249 3594 revertissent,

189 3696 343 3746 multitLivii
352 3694 470 3759 exemplis
478 3710 559 3742 casum
568 3693 697 3743 accusandi
742 3695 850 3758 conjicit
867 3695 995 3760 legendnm
1018 3696 1045 3745 C.
1065 3696 1248 3763 nomenonii.

191 3774 306 3824 defendit.
316 3776 363 3822 Eo.
672 3810 675 3821 .
775 3779 872 3834 ¹acl’ost
885 3775 945 3824 Idus
956 3775 1062 3824 Martias
1068 3811 1077 3834 ,
1089 3776 1179 3840 quibus
1192 3793 1249 3826 oon-

224 3863 252 3909 4.
264 3852 430 3916 Militibruque
446 3851 539 3900 colonis
556 3850 696 3915 imperatis,
741 3857 834 3907 solnm
846 3858 935 3921 aliique
947 3858 1101 3922 magistratus
1115 3858 1172 3919 iniri
1188 3857 1249 3907 solo·

187 3933 250 3982 sorte
259 3931 373 3989 coloniis,
385 3948 439 3994 quae
448 3941 533 3981 comm
542 3929 631 3978 milites
640 3931 698 3981 dare
742 3936 807 3985 bunt.
821 3936 893 3987 Cous.
908 3934 940 3984 nd
953 3938 1032 3997 XXI,
1048 3937 1095 3996 63,
1110 3938 1203 3996 XXII,
1221 3953 1248 3992 r,

190 4014 291 4069 XXIX,
304 4011 332 4058 15
345 4009 496 4070 nbnuerunt3
509 4009 582 4059 an.
659 4016 661 4020 ’
740 4015 773 4064 tl.
784 4042 820 4050 —
832 4017 977 4079 Prorogatoe
995 4031 1101 4080 namque
1114 4014 1249 4063 oonsrtlibos

224 4091 647 4156 5.Eaea1aeeoraet,qutsacrmneo
659 4090 696 4137 di·
734 4094 792 4159 jam
807 4092 831 4140 io
845 4110 936 4141 annum
946 4093 1080 4157 provrbcioe
1097 4106 1182 4150 aaut,
1198 4109 1248 4141 non

187 4179 295 4222 uranu
311 4167 362 4214 vid.
377 4169 417 4224 ΙΙ,
435 4177 468 4224 24
479 4202 487 4225 ,
500 4185 525 4218 n.
540 4184 570 4228 7,
589 4179 613 4216 et
624 4170 696 4228 vul,
740 4173 767 4221 in
784 4183 864 4221 totum
881 4188 984 4232 annum,
1002 4173 1077 4221 oredo
1088 4210 1096 4235 ,
1108 4172 1152 4221 sod
1167 4172 1247 4236 quoad

189 4251 238 4305 342
248 4262 274 4293 ¹¹·
287 4247 311 4293 ⁸·
741 4268 891 4300 successores
901 4252 1037 4301 venissent:
1050 4268 1107 4299 mro
1120 4268 1185 4300 anno
1197 4268 1246 4315 seq.

221 4327 282 4377 Cn.
291 4325 334 4371 Vl.
346 4339 367 4370 t.
378 4323 467 4372 Sodato
476 4324 562 4371 Istrico
577 4326 695 4383 tumttltu,·
741 4331 857 4380 Claudim
867 4330 1004 4380 consultos
1013 4347 1069 4380 eum
1079 4330 1248 4380 enituereiti·

187 4403 284 4455 vidend
295 4404 333 4459 11,
350 4403 400 4462 26,
416 4418 440 4450 n.
460 4417 484 4449 1.
497 4427 531 4438 -
544 4405 577 4450 A.
589 4403 695 4452 Licinius
737 4408 785 4458 hus
795 4409 903 4468 dimisit;
917 4411 1008 4459 Duker.
1017 4410 1082 4460 Vide
1092 4410 1123 4461 sd
1138 4426 1192 4474 cup.
1207 4425 1245 4458 ro.

186 4486 281 4543 Nerva,
298 4496 460 4547 pcmomsna
472 4480 556 4543 Sigon.
572 4481 691 4533 additum.
738 4488 780 4536 An
788 4488 834 4552 leg.
841 4489 1028 4554 proroganda?
