2722 5040
156 699 219 771 ¹9⁰
542 674 818 744 EXCURSUS.

149 828 187 869 aa
196 802 316 869 deinde
332 802 544 892 Gallogroeoos
556 803 680 890 equites
696 804 771 867 Bais
784 801 948 891 equitibus
961 803 1127 887 conferes,
1143 807 1215 872 reli·

150 931 290 999 quorum
304 907 424 973 deinde
437 908 643 995 sequentium
660 909 855 996 comparatio
869 908 980 973 eadem
992 909 1070 992 erit,
1091 933 1164 998 quas
1178 913 1213 976 in

149 1013 311 1104 primibus
326 1013 404 1094 fuit,
423 1011 547 1078 clauda.
565 1013 762 1101 Quanquam
777 1009 846 1077 fieri
863 1013 987 1102 potuit,
1007 1029 1045 1078 ut
1061 1013 1213 1081 adversus

150 1120 300 1185 dextrum
314 1121 538 1183 Romanorum
552 1140 674 1201 cornu,
695 1118 730 1181 in
748 1141 814 1206 quo
831 1135 863 1182 et
875 1119 1036 1184 Eumenes
1052 1121 1152 1186 baisse
1163 1123 1212 1186 vi·

149 1226 267 1306 detur,
294 1223 431 1304 majores
457 1223 566 1311 copias
591 1224 779 1313 opposuerit
798 1223 979 1289 Antiochus
997 1241 1062 1290 :at
1083 1225 1118 1291 id
1144 1226 1212 1292 hssc

148 1332 282 1395 vulnera
296 1352 363 1393 non
377 1344 477 1394 sanat.
497 1328 530 1393 Si
547 1330 620 1416 quis
634 1329 748 1419 igitur,
770 1328 854 1393 lacta
869 1331 1127 1418 comparatione,
1143 1333 1212 1398 hac

144 1436 269 1526 singula
282 1433 505 1524 perpenderit,
520 1434 662 1498 inveniet
676 1456 737 1498 nos
752 1434 841 1499 haud
856 1451 978 1500 temere
994 1435 1169 1503 dubitasse.
1180 1468 1193 1494 ι

122 1531 123 1534 “
193 1542 303 1624 Quare
317 1541 372 1605 hic
380 1563 497 1629 agema
509 1539 637 1605 dubitet
648 1541 790 1606 scribere
804 1540 999 1624 Glareanus,
1022 1559 1055 1607 et
1065 1543 1213 1608 videatur

146 1648 305 1713 anteferre
313 1671 425 1736 gemea
432 1695 442 1729 ‚
462 1648 556 1735 plane
569 1648 739 1712 nescimus.
751 1647 827 1712 Hoea
839 1669 973 1736 nempe,
991 1646 1033 1713 de
1044 1662 1110 1737 qua'
1121 1672 1211 1714 nunc

147 1754 263 1844 agitur,
281 1755 330 1817 ala
340 1753 506 1841 equitum,
518 1768 652 1817 vocatur
664 1761 751 1834 ἄγημα
762 1752 802 1817 ab
814 1754 980 1841 Appiano,
997 1753 1077 1819 1335.
1093 1778 1121 1819 c.
1139 1777 1210 1843 107,

147 1882 221 1950 pag.
236 1881 316 1947 ¹7²3
337 1876 369 1922 et
391 1856 432 1922 ab
447 1857 598 1939 Arriano,
623 1857 679 1922 lib.
702 1859 758 1939 lV,
781 1879 851 1946 cap.
872 1856 924 1924 25.
947 1859 1080 1928 Curtius
1094 1860 1210 1941 etiam,

149 1965 205 2030 lib.
217 1965 274 2047 IV,
292 1987 363 2055 cap.
378 1963 436 2046 13,
463 1965 577 2052 aquales
586 2011 597 2044 ,
618 1987 698 2052 qaas
715 1987 828 2052 agema
851 1964 1023 2053 appellant.
1043 1961 1210 2053 Appianus

148 2072 169 2135 l.
195 2095 223 2136 c.
252 2071 416 2159 equitibus
440 2069 643 2158 Gallograecis
668 2071 709 2134 ab
735 2085 872 2158 utraque
898 2086 988 2158 parte
1018 2071 1210 2160 phalangem

147 2178 285 2241 clausam
304 2193 402 2264 atque
418 2177 577 2243 munitam
596 2176 695 2240 fuisse
709 2175 809 2241 tradit
822 2176 872 2240 his
886 2176 992 2240 verbis
1003 2199 1011 2239 ε
1022 2187 1105 2247 ἱππεῖς
1118 2181 1145 2239 δ’
1157 2189 1212 2240 tea·

145 2295 246 2365 adpetes
266 2294 341 2345 αὐτοῦ
362 2291 572 2363 παρατετάχατο,
590 2294 702 2348 Γαλάται
724 2313 751 2346 τι
770 2294 965 2366 xastipptctret,
976 2291 1018 2345 καὶ
1037 2293 1064 2346 τὸ
1082 2294 1210 2364 λιγὸμτναν

146 2390 234 2460 ἄγημα
256 2395 304 2442 τῶν
322 2384 488 2442 Μακιδόνων·
506 2385 599 2443 aloldi
620 2387 662 2442 καὶ
683 2385 736 2444 olda
755 2391 838 2450 ἱππεῖς
858 2390 994 2450 ἐπίλτκται.
1013 2388 1055 2442 καὶ
1076 2397 1136 2458 παρ’
1151 2391 1210 2444 absh

146 2486 234 2558 ἄγημα
256 2487 370 2556 λέγεται·
390 2479 453 2537 reida
476 2485 520 2556 pls
545 2484 570 2548 ἐξ
597 2485 650 2540 latu
675 2489 720 2547 τῆς
743 2485 867 2558 φάλαγγας
890 2480 919 2542 tls
949 2486 1107 2558 lsart'poltsr
1128 2476 1209 2558 Quae

146 2580 260 2661 verba,
274 2596 312 2644 ut
324 2594 411 2644 recte
423 2579 573 2669 Sigonius
588 2581 733 2662 monuit,
751 2580 874 2669 etquid
890 2581 931 2644 sit
946 2603 1056 2669 agema
1073 2580 1209 2665 docent,

146 2703 180 2750 et
195 2685 276 2749 nihil
294 2685 371 2749 huic
385 2685 459 2749 loco
481 2684 605 2768 deesse,
622 2700 734 2751 contra
752 2686 899 2751 Glareani
913 2686 1122 2769 sententiam,
1136 2710 1209 2752 om·

147 2792 227 2856 nino
243 2790 391 2880 probant.
408 2791 559 2881 Sigonius
581 2791 668 2857 idem
688 2794 869 2880 exemplum
885 2793 950 2858 hoc
965 2791 1072 2858 Suidae
1090 2793 1184 2858 affert
1199 2816 1208 2857 r

145 2891 235 2980 ι’Δγτηια
254 2909 282 2961 τὸ
300 2909 382 2978 προϊὸν
402 2911 444 2959 τοῦ
464 2909 583 2973 βασιλέως
602 2910 690 2979 τάγμα
710 2910 859 2979 baptistes,
875 2909 918 2964 καὶ
934 2909 1033 2974 ἵππων,
1056 2909 1098 2963 καὶ
1114 2911 1207 2971 πεζῶν·

146 3007 168 3061 οἱ
186 2999 217 3056 dl
238 3004 265 3056 τὸ
285 3004 365 3074 ἄρας-αν
384 3007 427 3065 τῆς
443 2998 614 3065 Mmdesunit
632 3004 783 3069 συντᾶξιως,
795 3007 908 3076 κραταιὸν
925 3007 1018 3059 ὁπλίσαι
1031 3005 1073 3059 tal
1085 3011 1208 3076 σωμάτων

147 3108 235 3180 alazia.
255 3092 414 3155 Caeterum
432 3090 518 3184 conf.
540 3092 715 3173 Nostrum,
735 3092 843 3174 XLII,
865 3093 902 3158 51
925 3111 957 3158 et
979 3092 1037 3175 583
1060 3111 1093 3158 et
1116 3109 1208 3158 notas

147 3195 297 3261 editionis
312 3212 429 3260 nostra
446 3197 562 3278 Curtii,
581 3197 691 3280 roll,
710 3222 742 3286 p.
762 3201 823 3277 146
841 3215 873 3262 et
890 3197 963 3287 307.

189 3301 267 3366 Mox
290 3299 375 3366 idem
390 3301 564 3366 Glareanus
583 3301 804 3392 descriptionis
820 3305 890 3368 loca
907 3305 1089 3394 singillatim
1101 3327 1208 3394 prose·

143 3410 262 3498 quitur.
276 3413 324 3474 Ac
337 3409 497 3499 primum,
513 3409 554 3474 de
564 3410 727 3498 peditibus
737 3412 892 3495 loricatis,
903 3436 985 3502 quos
997 3414 1147 3502 appellari
1157 3437 1208 3478 aa·

144 3517 323 3605 taphractos
337 3518 381 3581 ait
399 3518 508 3596 Livius
525 3540 552 3582 c.
575 3522 617 3597 do
636 3543 644 3584 :
667 3549 680 3574 κ
694 3519 755 3584 Hic
775 3520 868 3608 plane
885 3521 1036 3586 videntur
1059 3521 1205 3610 quaedam

145 3623 279 3705 omissa,
290 3645 366 3687 nam
382 3623 417 3687 in
431 3624 531 3688 altero
550 3647 670 3706 comu,
686 3642 761 3713 post
771 3626 982 3716 Gallograecos
992 3627 1137 3716 pedites,
1149 3650 1208 3717 po-

147 3744 273 3792 nuntur
294 3727 501 3817 Cappadoces
525 3746 557 3793 et
574 3729 760 3812 auxiliares,
786 3731 880 3795 tertio
897 3747 1005 3797 autem
1027 3733 1100 3797 loco
1120 3750 1206 3798 cata-

146 3834 272 3922 phracti
292 3836 428 3922 equites.
451 3837 500 3900 lta
520 3836 583 3900 hoc
607 3835 641 3898 in
665 3835 738 3899 loco
762 3853 837 3924 post
853 3837 1064 3927 Gallograeeos
1081 3837 1206 3926 pedites

147 3962 214 4003 non
227 3940 384 4004 continuo
399 3933 593 4028 cataphracti
609 3958 800 4030 sequuntur,
816 3958 854 4007 ut
868 3957 963 4031 puto,
977 3943 1034 4008 sed
1050 3944 1103 4009 alii
1122 3967 1205 4033 quos

147 4045 267 4109 omisit.
283 4044 325 4108 Et
339 4045 554 4133 suspicionem
570 4046 625 4111 dat
640 4048 776 4113 verbum
791 4049 1028 4140 cataphractus,
1043 4049 1134 4139 quod
1147 4073 1206 4140 pe·

146 4150 204 4214 diti
230 4148 364 4213 loricato
393 4150 612 4216 attribuerunt
643 4153 842 4243 quicumque
869 4155 937 4219 brec
968 4173 1205 4244 corruperunt,

146 4277 250 4344 quum
267 4253 361 4318 tertio
376 4253 496 4320 deinde
509 4255 616 4321 ordini
629 4259 841 4325 tribuendum
858 4275 935 4341 erat.
952 4259 1043 4326 Idem
1058 4262 1205 4350 suspicor

145 4362 186 4427 de
212 4382 349 4425 numero
375 4362 427 4427 111
451 4361 551 4427 mt'llr'er
582 4380 621 4428 ut
653 4389 690 4431 ex
720 4368 960 4456 comparatione
990 4368 1124 4433 laterum
1155 4369 1205 4432 in·

145 4467 298 4556 telligitur
314 4498 336 4529 n.
970 4474 972 4478 ’
