2722 5040
119 834 142 870 t.
153 828 177 869 C.
193 843 238 881 ¹9¹·

120 888 144 927 ὓ,
153 888 175 927 C.
190 892 238 930 ⁵⁶1.

347 855 442 920 LIB.
468 855 642 922 XXXVI.
670 859 775 925 CAP.
802 860 830 924 Ι.
858 860 907 925 Il.
1140 859 1160 931 5

96 988 183 1044 teret
195 979 352 1044 Romam
363 970 390 1059 ⁵,
409 999 533 1071 eaeque
547 974 693 1046 urbauae
707 975 866 1073 legiones
879 992 998 1067 esseut
1012 993 1161 1075 paratae,

96 1108 169 1178 quo
191 1098 342 1154 senatus
365 1099 572 1156 censuisset.

144 1197 187 1262 lI.
214 1195 277 1263 His
300 1195 352 1263 ita
372 1195 410 1263 iu
431 1210 559 1265 senatu
583 1194 628 1265 ad
651 1194 709 1280 id,
731 1219 811 1291 quae
831 1195 955 1289 cujus¹
979 1199 1163 1294 provincia

98 1301 207 1391 foret,
225 1303 401 1392 decretis,
427 1319 504 1375 tum
525 1305 673 1376 ‹lemum
696 1306 815 1375 sortiri
834 1305 1001 1377 consules
1015 1307 1161 1404 placuit.

97 1413 209 1483 Acilio
232 1406 391 1501 Graecia,
417 1416 585 1485 Cornelio
616 1415 714 1484 ltalia
742 1417 873 1485 eveuit.
903 1419 1008 1487 Certa
1033 1417 1162 1491 deinde

97 1533 222 1593 sorte¹
247 1525 601 1595 senatusconsultum
629 1522 763 1594 factum
788 1538 866 1594 est:
891 1524 1162 1624 quodpopulus

96 1660 271 1707 romanus
292 1660 336 1705 eo
356 1652 515 1733 tempore
534 1634 693 1707 duellum
703 1637 871 1729 jussisset
885 1659 961 1705 esse
978 1659 1059 1705 cum
1080 1661 1163 1731 rege

97 1745 549 1843 Antr'ocl10,qur'quesub
577 1752 726 1842 imperio
755 1746 831 1839 ejus
861 1761 994 1830 esseut,
1023 1761 1064 1815 ut
1084 1748 1161 1841 ejus

97 1862 150 1925 rei
164 1881 279 1926 causa
295 1854 593 1953 supplicationem
611 1860 829 1952 imperarent
840 1853 1021 1937 consulem
1039 1860 1163 1952 utique

99 1966 161 2035 Μ’.
177 1966 320 2048 Acilius
332 1968 461 2036 consul
472 1964 575 2036 ludos
588 1990 739 2060 magnos
751 1968 831 2034 lovi
840 1980 1000 2046 voveret,
1016 1979 1052 2034 et
1062 1964 1162 2035 dona

98 2076 150 2145 ud
164 2083 291 2146 omnia
301 2075 512 2174 pulvinaria
523 2073 549 2146 ³.
571 2075 609 2146 ld
630 2089 756 2145 votum
773 2075 812 2144 iu
830 2073 905 2145 haec
919 2072 1046 2160 verba,
1070 2099 1163 2171 prm-

97 2201 208 2257 euute
226 2192 265 2258 P.
285 2188 423 2257 Licinio
443 2185 613 2284 pontifice
632 2186 808 2268 maximo,
828 2182 955 2253 consul
974 2206 1162 2280 nuncupa-

99 2297 168 2366 vit:
197 2326 216 2359 «t
234 2298 271 2366 Si
299 2296 482 2380 duellum,
512 2294 613 2393 quod
640 2321 721 2366 cum
748 2292 928 2365 Antiocho
958 2318 1043 2391 rege
1070 2295 1163 2363 sumi

96 2407 287 2504 «populus
305 2406 435 2500 jussit,
462 2406 499 2477 id
524 2433 569 2477 ex
595 2406 770 2477 sententia
794 2418 940 2474 senatus
961 2403 1162 2500 populique

96 2518 269 2589 «romani
295 2515 500 2589 confectum
524 2518 609 2606 erit;
628 2530 706 2586 tum
725 2514 814 2601 tibi,
832 2514 984 2611 Jupiter,
1004 2512 1163 2610 populus

96 2651 298 2697 «romanus
316 2625 422 2696 ludos
440 2651 588 2724 magnos
610 2626 685 2697 dies
704 2625 830 2697 decem
851 2625 1042 2694 continuos
1059 2621 1164 2694 faciet

98 2736 299 2833 «donaque
314 2736 493 2807 adomnia
509 2736 708 2834 pulvinaria
726 2734 911 2806 dabuntur
930 2733 975 2804 (le
990 2735 1163 2832 pecunia,

97 2861 301 2941 «quantam
329 2861 475 2917 senatus
505 2845 713 2916 decreverit.
743 2847 907 2941 Quisque
938 2845 1165 2941 magistratus

97 2986 114 3019 α
128 2981 191 3027 eos
209 2955 315 3027 ludos
337 2956 484 3052 quando
504 2954 641 3052 ubique
660 2954 769 3041 luxit,
785 2955 825 3024 hi
844 2955 921 3025 ludi
944 2968 1041 3026 recte
1059 2952 1163 3040 facti,

96 3095 114 3127 «ι
129 3065 298 3162 donaque
324 3066 406 3135 ‹tata
434 3080 531 3136 recte
558 3068 733 3137 suntot».
764 3065 987 3162 supplicatio
1010 3064 1095 3134 iude
1118 3063 1164 3134 ab

97 3174 243 3246 duobus
263 3174 475 3248 consulibus
495 3175 610 3247 edicta
635 3200 701 3273 per
726 3174 878 3247 biduum
901 3173 978 3244 fuit.
1001 3173 1165 3245 Consuli-

97 3283 169 3355 bus
190 3287 323 3357 sortitis
349 3287 571 3383 provincias,
597 3286 780 3383 extemplo
800 3300 837 3356 et
859 3285 1033 3383 proetores'
1048 3284 1166 3354 sortiti

97 3471 147 3518 ulla
161 3472 189 3519 ἰιι
202 3471 250 3521 hoe
265 3472 331 3521 bello
344 3474 436 3521 monuo
455 3485 501 3532 est,
516 3474 607 3522 Duker.

97 3550 171 3598 conf.
187 3552 296 3610 XXXV,
313 3556 360 3611 23,
373 3553 405 3600 ad
418 3555 545 3611 XXXVI,
562 3568 609 3613 17,

95 3647 123 3678 ιι.
137 3646 162 3687 ι,
179 3642 205 3677 et
218 3631 357 3690 XXXVII,
374 3647 401 3691 ι,
417 3648 442 3679 ιι.
456 3633 485 3680 6·
496 3632 563 3696 Lips.
578 3632 609 3680 tle

95 3710 151 3758 ssu.
165 3726 229 3757 rom.
240 3712 281 3767 11,
295 3725 334 3758 ιο.

133 3789 157 3837 5.
168 3788 229 3835 Cum
239 3789 306 3836 Boiis
311 3789 395 3852 jussus
404 3789 490 3836 bellum
497 3805 609 3854 gerere...

95 3869 201 3915 alterum
211 3879 240 3914 ut
251 3867 356 3916 mitteret
366 3868 481 3929 Romam,
493 3881 539 3917 etc.
552 3869 609 3918 vide

94 3949 127 3995 ad
138 3948 197 4003 XL,
211 3948 257 4005 30,
270 3963 296 3995 n.
309 3964 334 3994 ι.

130 4026 238 4075 can.
259 4040 282 4072 1.
302 4026 346 4072 His
364 4025 400 4072 ιἰιι
412 4024 436 4071 iu
454 4036 540 4072 senatu
560 4027 608 4083 ad,

93 4105 141 4159 ob,
156 4104 197 4162 id,
210 4121 268 4169 quer
280 4104 365 4169 crq'us,
383 4116 430 4151 etc.
449 4106 511 4151 sorte
528 4104 610 4168 legeu-

93 4184 153 4231 dum
168 4194 233 4233 esset
249 4183 378 4248 cujusque,
391 4183 431 4230 rel
445 4200 501 4229 eum
518 4184 609 4232 Beued.

93 4282 151 4330 qua
160 4276 186 4311 et
193 4264 274 4328 cujus.

130 4361 155 4391 u.
169 4346 243 4393 c'erea
259 4340 350 4390 demde
364 4353 442 4399 sorte,
456 4353 502 4389 etc.
514 4351 610 4405 postea·

93 4440 165 4487 quom
176 4435 261 4482 sorte,
273 4422 417 4481 sortitione,
428 4421 552 4469 decretum
562 4435 610 4483 ειη

92 4504 150 4551 Ero.
167 4506 208 4553 Διι
228 4503 278 4565 leg.
295 4500 371 4548 ducta
386 4501 474 4548 deiude
489 4512 554 4548 soree
563 4507 610 4548 θ-

92 4584 218 4642 Duellona,
238 4581 342 4643 arrthue
357 4579 450 4628 dictum
464 4597 510 4645 pru
523 4579 610 4629 bellum

653 3487 737 3524 mouet
753 3477 871 3538 Deering.
882 3474 993 3524 studiose
1002 3490 1038 3521 sc.
1046 3473 1073 3520 ἱιι
1088 3473 1166 3521 soleo-

653 3556 725 3604 nitus
738 3556 873 3621 praesertim
889 3554 1001 3606 Iormulis
1020 3554 1112 3601 servari
1127 3570 1165 3602 so·

653 3635 734 3682 lebant
755 3637 885 3683 verborum
906 3634 989 3681 formu
1012 3634 1163 3681 vetusti0res.

653 3716 700 3761 Eo.
715 3742 751 3750 -
761 3714 874 3762 Iussisrer
888 3729 944 3760 esse.
963 3713 1034 3761 Delet
1052 3714 1163 3761 Gronov.

652 3794 755 3840 verbum
770 3810 834 3850 esse,
846 3792 914 3857 quod
927 3809 985 3840 sune
994 3808 1045 3840 non
1055 3808 1164 3840 necessa·

653 3871 716 3919 rium
733 3872 831 3919 Crever.
851 3873 1003 3936 pronuntint.
1017 3872 1049 3920 Et
1064 3870 1165 3935 quidem

653 3949 696 3998 lib.
709 3952 815 4007 XXXI,
828 3968 883 4015 cap.
896 3952 925 4007 8,
938 3951 1026 3998 bellum
1037 3966 1092 3997 cum
1106 3948 1164 3996 Plu'·

653 4029 719 4092 prpo
728 4029 840 4095 jussisset
845 4049 855 4087 ,·
868 4031 904 4077 sle
919 4032 1002 4088 XLII,
1013 4042 1067 4093 cap.
1080 4029 1128 4087 33,
1140 4041 1165 4077 et

653 4106 685 4154 al.
699 4108 745 4154 Eo.

691 4187 714 4234 3.
727 4185 813 4250 Utique
831 4187 876 4234 Μ’.
890 4184 983 4233 Acilius
994 4186 1081 4234 consul
1094 4186 1163 4234 ludos

654 4282 755 4330 magnos
769 4266 824 4313 lovi
833 4275 930 4313 voveret
934 4299 942 4321 ,
954 4275 978 4312 et
991 4264 1058 4312 dona
1067 4264 1105 4312 ad
1112 4283 1164 4312 om·

654 4345 697 4392 ru'a
703 4342 844 4409 pulvinaria
851 4363 861 4401 ;
873 4343 928 4392 ride
942 4343 974 4390 ad
984 4345 1016 4403 V,
1033 4343 1062 4391 13
1073 4358 1115 4401 ,ιι
1132 4344 1146 4389 5
1157 4378 1164 4401 ,

653 4434 678 4472 et
687 4426 800 4479 XXVII,
813 4424 892 4482 ss,n.
903 4431 927 4479 t.

691 4512 714 4558 t.
725 4506 846 4567 Donaque
859 4502 921 4550 daea
935 4513 998 4549 recte
1009 4511 1096 4555 sunem
1107 4498 1164 4545 vido

655 4584 685 4631 tul
700 4585 915 4642 XX11,10‚n.2.
