2722 5040
208 753 276 824 ²9²
625 730 662 796 T.
693 732 832 800 LlVll
1125 711 1247 812 iiiii

209 880 226 914 α
241 863 320 920 tum
342 870 503 945 agerem
534 845 597 917 ubi
621 848 660 917 in
686 872 832 924 crucem
855 850 934 922 tolli
959 851 1193 948 imperatores
1217 849 1272 921 di·

209 990 227 1025 «
244 973 396 1046 cuntur,
410 960 440 1029 si
453 981 630 1057 prospero
644 974 798 1049 eventu,
817 987 927 1060 pravo
943 960 1091 1033 consilio
1105 986 1184 1034 rem
1198 986 1274 1060 ges·

209 1085 380 1141 «serunt.
400 1067 470 1139 Sed
493 1091 560 1165 ego
579 1069 617 1137 in
639 1093 681 1140 ea
702 1071 843 1143 civitate
853 1083 879 1160 ⁷,
899 1096 980 1169 quae
1000 1071 1083 1143 ideo
1105 1070 1275 1142 omnibus

211 1179 351 1252 «rebus
376 1177 589 1276 incipiendis
610 1179 849 1278 gerendisque
876 1182 963 1255 deos
990 1181 1162 1270 adhibet,
1190 1185 1275 1280 quia

210 1288 377 1360 «nullius
399 1288 754 1384 calumuiaesubjicit
771 1317 834 1380 ea,
853 1316 933 1389 quae
953 1290 1002 1362 dii
1022 1289 1277 1389 comprobave-

210 1430 227 1465 α
240 1414 346 1487 runt,
365 1411 401 1469 et
420 1399 458 1468 in
481 1396 692 1469 solennibus
712 1400 834 1472 verbis
855 1398 984 1485 habet,
1008 1423 1122 1497 quum
1138 1399 1277 1498 suppli·

209 1541 226 1575 α
242 1511 421 1580 cationem
448 1522 510 1577 aut
536 1509 761 1604 triumphum
786 1510 966 1593 deceruit,
993 1509 1106 1602 Quod
1120 1510 1210 1580 bene
1233 1535 1278 1580 ac

211 1619 393 1710 «feliciter
418 1616 678 1714 rempublicam
708 1619 991 1704 admim'strarit;
1016 1621 1046 1689 si
1070 1618 1228 1708 nollem,
1250 1619 1288 1690 si·

213 1754 350 1826 «grave
379 1752 420 1803 ac
445 1725 644 1825 superbum
673 1728 933 1816 existimarem,
955 1729 1089 1798 virtute
1111 1729 1277 1824 gloriari,

212 1869 229 1904 tt
245 1863 312 1937 pro
338 1835 508 1908 felicitate
534 1837 615 1907 mea
642 1839 891 1935 exercitusque
915 1839 1002 1927 mei,
1023 1836 1122 1935 quod
1143 1832 1277 1908 tautam

214 1979 230 2013 «ι
245 1949 430 2019 nationem
443 1948 519 2017 sine
531 1945 604 2016 ulla
615 1945 771 2018 militum
780 1948 921 2042 jactura
934 1946 1147 2034 devicimus,
1157 1961 1279 2045 postu·

214 2090 231 2123 «
246 2058 354 2129 larem
366 2112 376 2145 ,
388 2071 430 2126 ut
442 2056 509 2126 diis
523 2056 788 2128 immortalibus
798 2056 917 2127 honos
928 2054 1136 2143 haberetur,
1152 2070 1190 2127 et
1203 2057 1278 2154 ipse

214 2166 475 2264 «triumphans
500 2166 538 2234 in
561 2165 779 2262 Capitolium
802 2165 1057 2250 ascenderem,
1078 2163 1196 2251 unde,
1214 2189 1279 2236 vo-

215 2281 292 2350 «tis
316 2280 384 2348 rite
409 2277 649 2373 nuncupatis,
676 2274 861 2373 profectus
883 2301 987 2348 sum:
1013 2277 1189 2373 negaretis
1209 2275 1279 2347 hoc

215 2386 336 2458 «mihi
353 2410 436 2456 cum
453 2384 521 2455 diis
541 2384 831 2458 immortalibus?

265 2499 387 2566 XLIX.
401 2495 559 2590 «Iniquo
570 2496 666 2565 enim
681 2495 762 2587 loco
775 2496 940 2567 dimicavi
951 2507 975 2566 ¹.
989 2499 1056 2568 Dic
1067 2497 1194 2594 igitur,
1204 2519 1279 2594 quo

217 2636 234 2670 α
248 2606 406 2703 aequiore
423 2605 605 2702 potuerim
623 2604 818 2677 dimicare?
837 2611 960 2699 Quum
977 2621 1140 2678 montem
1158 2607 1281 2679 hostes

218 2746 234 2779 «
250 2715 444 2812 cepissent,
459 2712 540 2783 loco
552 2715 694 2784 munito
708 2740 745 2787 se
762 2729 949 2802 tenerent,
969 2741 1100 2815 nempe
1119 2717 1282 2788 eundum

218 2855 233 2888 «ε
249 2824 294 2894 ad
307 2823 428 2893 hostes
445 2838 538 2907 erat,
555 2824 585 2892 si
598 2824 742 2896 vincere
757 2826 897 2898 vellem.
913 2827 1032 2918 Quid?
1050 2829 1078 2897 si
1094 2826 1223 2899 urbem
1237 2854 1281 2900 eo

218 2965 235 2998 «
251 2935 331 3006 loco
349 2931 543 3020 haberent,
563 2947 599 3004 et
616 2933 798 3006 moenibus
813 2960 851 3007 se
868 2937 1056 3007 tenerent?
1073 2961 1204 3034 nempe
1223 2961 1283 3036 op·

256 3197 280 3241 7.
289 3180 337 3227 Sed
347 3195 391 3245 ego
403 3178 429 3226 in
440 3195 470 3226 ea
480 3177 589 3237 civitate,
598 3190 644 3228 etc.
655 3202 668 3222 α
677 3182 734 3230 Sen-
777 3194 829 3231 tur:
840 3182 914 3246 Quod
920 3182 979 3230 bene
993 3182 1137 3248 acftlieiter
1148 3199 1223 3247 remp.
1237 3182 1283 3230 ed·

220 3262 322 3309 tentiam
339 3259 460 3323 longioris
483 3259 581 3323 periodi
599 3259 663 3308 hano
682 3277 734 3310 esse
777 3261 1018 3325 ministraritis,qui
1027 3261 1232 3326 supplicationem
1242 3273 1284 3310 aut

221 3352 296 3407 puto:
310 3338 358 3386 Sed
366 3338 387 3385 si
395 3355 439 3403 ego
448 3337 473 3384 in
483 3355 513 3385 ea
527 3338 637 3395 civitate,
653 3356 733 3404 quoe...
777 3340 926 3404 triumphum
940 3341 1046 3404 postulat
1055 3342 1065 3405 (
1075 3340 1126 3389 vid.
1136 3341 1244 3389 Brisson·
1253 3340 1284 3389 de

222 3417 415 3474 administrarit,
427 3418 516 3465 nollem
523 3451 531 3473 ,
541 3417 564 3464 si
571 3433 647 3481 grave
657 3433 687 3465 ac
697 3435 735 3466 su·
777 3423 857 3466 Form.
868 3423 959 3483 l,psg.
973 3422 1004 3466 61
1016 3454 1023 3477 ,
1036 3431 1061 3468 et
1077 3422 1117 3479 ΙΙ,
1129 3436 1186 3486 pag.
1199 3421 1248 3468 208
1257 3419 1282 3484 ):

201 3513 203 3519 ·
219 3500 321 3563 perbum
336 3497 500 3545 existimarem
511 3495 602 3545 virente
610 3495 731 3562 gloriari,
776 3515 802 3546 se
825 3510 905 3546 sutem
927 3499 1109 3563 exercitumque
1134 3516 1205 3547 suum
1231 3515 1282 3547 eum

222 3578 278 3635 sed,
296 3578 384 3624 omissa
403 3576 535 3637 jactatione
557 3576 667 3635 virtutis,
683 3574 731 3622 boc
775 3579 868 3642 optime
892 3594 919 3625 nc
944 3577 1080 3626 felicissime
1099 3578 1208 3642 gessisse.
1226 3581 1285 3626 Post

223 3667 318 3704 tantum
326 3656 495 3719 postularem,
509 3666 537 3702 ut
544 3652 731 3719 propterfelicr'·
773 3656 879 3721 gloriari
897 3655 1060 3721 supplendum
1075 3656 1132 3714 sed,
1156 3668 1185 3703 ut
1203 3672 1283 3721 προς

172 3757 184 3779 0
224 3745 299 3781 tatem
324 3749 403 3780 nicam
425 3733 593 3798 exercitusque
615 3732 663 3781 mei
684 3731 732 3779 diis
775 3735 832 3783 vide
845 3734 876 3782 sd
892 3737 943 3792 111,
959 3750 1005 3795 71,
1023 3751 1047 3781 n.
1065 3736 1173 3798 4(Lor.
1188 3750 1202 3781 2
1215 3733 1285 3782 addit

224 3812 300 3860 bonos
313 3810 441 3859 laberetur
450 3824 474 3860 et
484 3813 536 3878 lpse
544 3812 731 3881 triumphprem
775 3825 812 3870 at,
821 3829 894 3877 quem
901 3814 1031 3861 lectionem
1040 3816 1114 3862 Doer.
1125 3812 1223 3861 videtur
1231 3829 1285 3878 pro

225 3892 315 3938 euhoe
328 3907 379 3937 non
391 3891 450 3938 mihi
460 3892 556 3947 solum,
567 3906 651 3938 verum
662 3891 732 3937 etiem
775 3892 858 3959 bere).
872 3891 937 3940 atili
944 3909 999 3940 cum
1007 3893 1054 3940 diis
1062 3909 1109 3957 pro
1123 3893 1183 3941 milii
1190 3905 1215 3941 et
1223 3893 1281 3950 dei's,

225 3971 272 4018 eliis
294 3970 439 4034 negaretis?
462 3971 512 4019 Cur
537 3980 616 4016 sutem
645 3984 732 4032 negare
776 3982 803 4018 ut
816 3971 881 4037 apud
895 3971 983 4035 virgil.
999 3972 1093 4020 AEueid.
1106 3974 1135 4029 1,
1151 3987 1218 4035 292,
1233 3973 1284 4028 111,

225 4065 277 4097 nou
299 4044 417 4105 debeant,
443 4062 538 4094 causam
565 4048 628 4094 hene
656 4046 731 4106 dicit,
777 4049 890 4115 5sa(ct.
902 4068 957 4117 sup.
975 4051 1005 4098 sd
1021 4051 1284 4117 xx1‚oo‚n.5).·

226 4127 293 4190 quod
312 4128 339 4173 iu
357 4123 577 4189 supplicationibus
598 4141 626 4172 ac
649 4127 732 4173 trium·
778 4129 871 4177 Duker.

226 4207 281 4271 pliis
293 4202 451 4252 decernendis
466 4203 582 4250 rationem
593 4195 734 4269 reipublicae
812 4209 872 4258 Cn.
886 4211 976 4259 XLIX.
994 4225 1015 4257 1.
1037 4209 1125 4273 Inique
1147 4209 1211 4255 enim
1231 4208 1285 4256 loeo

224 4285 324 4331 benene
342 4283 443 4330 feliciter
455 4281 731 4342 administraremus,
777 4286 907 4346 dinucari5
926 4288 983 4336 vide
997 4286 1029 4337 sd
1047 4289 1101 4348 111,
1122 4288 1171 4350 39,
1182 4303 1206 4335 n.
1227 4287 1290 4335 8.-'

224 4379 255 4409 ex
266 4361 402 4409 solennibus
420 4358 501 4406 verbis
517 4371 625 4421 constet,
646 4361 734 4424 quibus
777 4366 824 4412 Die
846 4365 933 4430 igitur,
956 4368 1030 4414 immo
1054 4365 1139 4423 dicite,
1161 4365 1219 4429 quin
1236 4364 1286 4411 duo

223 4440 413 4504 supplicationes
425 4453 454 4485 se
468 4438 585 4502 triumphi
600 4439 732 4488 deoernau·
777 4455 844 4492 erant
856 4443 995 4494 adversarii.
1009 4443 1057 4494 Sed
1073 4444 1126 4492 ltaec
1140 4442 1223 4492 dicens
1235 4443 1285 4507 pri·
