2722 5040
700 467 706 495 1

182 816 252 902 540
603 825 642 890 r.
675 824 815 898 n1v11
1091 801 1217 917 atat:

180 946 379 1013 Romanos:
396 942 509 1028 terra,
524 945 611 1014 mari
627 942 848 1041 trepidatur:
866 943 999 1014 nautici
1012 940 1244 1015 tabernacula

181 1049 402 1141 detendunt,
416 1067 728 1150 commeatumque
745 1053 782 1122 in
796 1051 900 1124 litore
915 1054 1120 1151 expositum
1136 1053 1172 1123 in
1187 1079 1244 1123 na-

182 1185 243 1232 ves
260 1163 404 1259 rapiunt
418 1190 427 1250 ;
447 1163 577 1235 milites
593 1165 630 1232 in
649 1161 798 1260 scaphas
813 1177 850 1234 et
867 1187 965 1235 mare
979 1165 1095 1234 territi
1110 1178 1242 1234 ruunt:

182 1284 318 1357 nautae,
341 1285 441 1343 metu
462 1297 507 1344 ne
527 1273 779 1372 compleantur
797 1274 954 1371 navigia,
971 1272 1029 1344 alii
1047 1273 1161 1345 turbae
1178 1272 1244 1344 ob·

183 1381 333 1468 sistunt,
356 1384 414 1454 alii
437 1383 483 1455 ab
500 1384 604 1456 litore
622 1408 730 1456 naves
749 1387 786 1454 in
807 1384 918 1455 altum
937 1384 1133 1482 expellunt.
1155 1383 1244 1456 Inde

182 1506 383 1579 certamen,
400 1516 486 1564 mox
506 1497 612 1565 etiam
631 1517 751 1593 pugna
769 1517 852 1565 cum
867 1492 1076 1566 vulneribus
1096 1508 1131 1565 et
1149 1493 1244 1567 caede

180 1602 219 1673 in
237 1604 351 1674 vicem
378 1605 533 1676 rnilitum
556 1621 819 1703 nautarumque
845 1608 980 1688 oritur,
1006 1604 1124 1677 donec
1141 1606 1245 1701 jussu

182 1713 339 1784 consulis
352 1715 480 1812 procul
497 1740 517 1787 a
535 1729 632 1788 terra
648 1716 767 1788 classis
784 1715 952 1788 submota
967 1729 1031 1787 est.
1051 1719 1244 1788 Secernere

181 1820 266 1894 inde
284 1825 438 1896 inermes
459 1824 667 1898 obarmatis
688 1827 807 1924 coepit.
828 1827 898 1898 Vix
916 1825 1014 1896 mille
1034 1824 1182 1897 ducenti
1201 1851 1245 1896 cx

157 2007 160 2012 ,
182 1947 280 2004 tanta
293 1936 539 2024 multitudine,
558 1940 620 2034 qui
637 1961 735 2008 arma
748 1935 944 2025 haberent,
964 1937 1135 2033 perpauci
1149 1935 1245 2032 equi-

182 2054 253 2130 tes,
269 2047 333 2140 qui
346 2070 460 2143 equos
474 2068 595 2118 secum
611 2045 837 2134 eduxissent,
850 2048 986 2121 inventi
998 2058 1092 2116 sunt.
1110 2049 1246 2116 Caetera

182 2150 353 2226 deformis
377 2156 508 2245 turba,
535 2157 634 2229 velut
663 2156 815 2230 lixarum
840 2157 1101 2252 calonumque,
1126 2153 1246 2254 praeda

134 2282 136 2289 ·
181 2288 265 2336 vere
277 2263 418 2354 futura,
433 2271 462 2338 si
475 2267 562 2340 belli
576 2269 697 2341 hostes
710 2268 967 2340 meminissent.
982 2270 1083 2337 Tunc
1098 2265 1246 2336 demum

182 2378 330 2447 nuntius
351 2377 397 2448 ad
411 2381 551 2451 tertiam
566 2380 744 2475 legionem
759 2375 992 2449 revocandam
1010 2390 1046 2446 et
1059 2373 1246 2445 Gallorum

182 2487 432 2583 praesidium23
454 2504 490 2561 et
512 2490 618 2561 simul
637 2515 681 2561 ex
702 2488 871 2560 omnibus
889 2488 977 2559 locis
995 2485 1040 2556 ad
1058 2499 1172 2557 castra
1188 2509 1245 2556 re·

182 2596 347 2693 cipienda
375 2598 662 2698 demendamque
688 2600 920 2696 ignominiam
950 2596 1061 2668 rediri
1084 2610 1244 2693 coeptum

182 2719 245 2775 est.
265 2705 415 2778 Tribuni
430 2711 583 2781 militurn
597 2711 709 2780 tertiae
723 2709 874 2806 legionis
888 2705 1063 2805 pabulum
1077 2705 1245 2802 lignaque

182 2815 358 2912 projicere
369 2817 501 2912 jubent
518 2847 525 2890 :
546 2818 820 2891 centurionibus
835 2819 1033 2914 imperant,
1052 2829 1093 2885 ut
1108 2816 1246 2912 gravio-

182 2950 240 2996 res
254 2941 355 2998 aetate
369 2929 500 3001 milites
513 2928 618 3001 binos
631 2932 669 3000 in
685 2954 726 3000 ea
738 2929 919 3025 jumenta,
935 2924 1122 3022 exquibus
1135 2949 1247 2996 onera

184 3036 323 3132 dejecta
343 3053 465 3129 erant,
485 3043 697 3138 imponant,
719 3040 859 3134 equites
877 3051 918 3108 ut
936 3035 1095 3134 singulos
1109 3034 1245 3129 ejure-

184 3146 292 3218 nibus
305 3148 443 3246 pedites
457 3173 579 3221 secum
593 3151 630 3218 in
645 3173 761 3245 equos
781 3143 941 3218 tollant³.
960 3150 1154 3243 Egregium
1166 3145 1244 3242 glo·

217 3409 241 3440 a.
263 3392 347 3459 Tune(
356 3393 418 3442 sorte
436 3392 612 3458 camdenum
633 3408 691 3440 nun·
734 3405 790 3438 cens
803 3388 881 3437 tanti:
893 3388 914 3435 si
926 3403 988 3436 vero
1002 3404 1033 3436 cx
1046 3386 1129 3451 aliquo
1147 3396 1245 3434 auctore

181 3472 229 3520 tim
239 3473 277 3520 ad
289 3473 386 3521 tertiam
399 3472 516 3538 legionem
529 3472 691 3521 revocandam
734 3469 783 3517 allo
791 3468 933 3525 doceretur,
942 3467 1026 3516 Galloa
1036 3468 1154 3514 latrorum
1163 3464 1246 3513 socios

182 3565 207 3599 et
225 3552 256 3600 ad
279 3553 407 3601 Gallorum
418 3554 561 3619 proese'dt'um
575 3570 691 3603 revocan-
733 3547 900 3606 fuine,sacile
910 3547 972 3595 foret
981 3547 1101 3611 corrigere
1111 3555 1136 3592 et
1142 3545 1246 3608 pabula·

184 3630 254 3692 dnm,
265 3649 298 3681 sc.
310 3634 396 3682 missus
406 3634 650 3700 eetvelveuit(vide
660 3633 691 3682 ad
734 3641 814 3677 torum
827 3626 987 3693 praesidium
1004 3626 1081 3673 Gron.
1099 3623 1147 3672 Sed
1161 3634 1245 3687 poete·

184 3712 321 3770 xxxvn,
337 3729 380 3772 ro,
394 3731 419 3763 n.
437 3713 482 3776 ι),
495 3713 601 3761 edocens
611 3713 692 3762 rocio·
735 3710 785 3756 rior
800 3709 863 3755 ratio
879 3706 958 3753 mium
970 3703 1110 3768 probanda:
1125 3718 1181 3750 nam
1193 3701 1245 3766 ipra

184 3804 237 3838 rata
255 3792 401 3854 perieulum
420 3792 530 3851 narmi
552 3793 646 3840 Livium
665 3793 692 3841 in
735 3787 799 3851 legio
817 3786 887 3834 tertia
907 3784 952 3832 suit
970 3782 1140 3847 pabulatorum
1162 3779 1246 3846 prmi-

185 3884 263 3931 oap.r
281 3871 337 3918 ratis
355 3873 441 3936 capio,
458 3872 523 3920 Galli
538 3882 656 3921 steterunt
678 3886 692 3918 a
736 3867 852 3922 dumet
864 3864 900 3911 sic
911 3862 1031 3924 utrimque
1040 3859 1172 3907 dicendum
1182 3869 1247 3921 erat,

184 3959 252 4010 parte
270 3965 384 4010 romana,
396 3962 421 3999 et
436 3950 493 3999 hinc
507 3951 548 3999 ille
564 3966 623 3998 nox
641 3965 692 3998 non
735 3962 786 3994 non
798 3961 831 3993 ex
841 3943 950 3990 omnibus
961 3939 1028 3988 loeis.
1041 3940 1113 3988 Cous.
1123 3938 1155 3987 ad
1164 3953 1242 4003 capr

141 4046 145 4053 ·
185 4027 305 4091 utriunque
314 4025 491 4087 dirimentes
503 4030 612 4078 omnibus
621 4029 691 4085 loeis,
736 4036 797 4073 extr.
809 4026 920 4072 Gronov.
932 4020 963 4067 ad
976 4020 1032 4066 Sen.
1042 4017 1133 4067 Troad.
1144 4019 1247 4077 ⁸⁴4,ss

183 4107 236 4153 scil.
246 4122 260 4153 a
272 4106 331 4153 mari
348 4118 372 4154 et
391 4108 509 4167 navibus,
524 4109 568 4174 qni
582 4126 595 4157 e
609 4107 693 4156 castris
735 4105 816 4169 intpp.
828 4100 954 4160 Frontini,
965 4095 1038 4147 Strat.
1053 4098 1075 4156 1,
1091 4112 1157 4154 r,n.
1171 4111 1247 4144 ro.-

184 4185 341 4249 aulngerant‚
355 4186 459 4244 rediere,
476 4198 528 4235 tum
544 4205 558 4235 ιι
572 4189 625 4246 via,
638 4202 693 4251 quar
740 4181 839 4231 Tribrmt'
851 4180 952 4229 militum
959 4178 1079 4241 pabulum
1099 4175 1115 4224 l.
1125 4173 1248 4241 projicere

186 4264 278 4312 serebat
295 4263 443 4327 Aqmleiana,
463 4263 527 4328 legio
547 4266 618 4314 tertia
638 4281 694 4313 cum
734 4263 833 4326 jubent,
849 4260 985 4310 semiliter
1000 4257 1039 4305 vel
1050 4255 1206 4322 pabulatores
1217 4271 1247 4302 ac

186 4343 386 4408 pabulatoribus,
410 4342 515 4406 denique
542 4361 556 4390 ιι
578 4344 693 4407 praesidio
736 4342 881 4408 lignatoree3
897 4337 971 4388 urat.

187 4423 325 4481 Gallorum,
335 4424 380 4472 etsi
393 4423 481 4471 horum
492 4432 574 4485 postea
588 4423 692 4469 mentio·
773 4423 797 4470 3.
810 4421 909 4484 Equites
919 4429 946 4464 ut
954 4416 1059 4480 singulos
1069 4431 1082 4461 e
1088 4413 1244 4478 juvenibus...

187 4516 242 4550 uena
260 4505 365 4555 omittat.
385 4503 436 4551 aive
453 4517 504 4550 non
527 4500 649 4549 adfuerint
667 4501 694 4546 in
738 4503 839 4558 tollant,
851 4498 927 4547 acilio.
944 4497 1071 4560 imperant
1086 4491 1246 4565 Constrtaptio

186 4592 307 4645 tempore,
316 4585 366 4632 sive
379 4599 478 4648 operum
489 4597 572 4631 eorum
581 4597 638 4635 ,non
650 4580 693 4628 du·
740 4580 867 4628 verborum
881 4576 970 4624 variata
983 4586 1029 4634 est,
1041 4574 1089 4621 nisi
1100 4574 1146 4636 leg.
1160 4569 1247 4645 equiti·
