2722 5040
151 728 195 800 sa
485 766 498 793 ι
574 736 613 801 r.
648 736 787 805 mvn
1066 715 1190 819 tlte:

196 857 357 925 XXXIV.
382 857 478 925 Dum
497 852 573 925 haec
596 879 615 926 a
635 855 802 954 Philippo
820 871 1014 955 geruntur,
1036 860 1077 926 T.
1101 858 1216 947 Quiu-

147 967 240 1052 tius,
265 978 409 1063 recepta
432 963 615 1061 Zacyntho
633 965 679 1037 ab
698 965 854 1039 Achaico
872 967 1050 1054 concili0,
1073 970 1216 1063 Naupa-

148 1090 247 1146 ctum
267 1073 424 1170 trajecit3
448 1098 528 1170 quae
546 1052 620 1169 jain
641 1099 707 1174 per
724 1075 817 1148 duos
832 1101 976 1149 menses
994 1075 1082 1172 (sed
1101 1100 1217 1174 prope

148 1185 330 1257 excidium
354 1183 452 1274 erat)
478 1183 771 1284 oppugnabatur,
791 1201 846 1276 et,
868 1188 898 1257 si
921 1200 1024 1284 capta
1043 1187 1079 1255 vi
1100 1185 1216 1277 foret,

147 1319 257 1367 omne
278 1294 329 1366 ibi
352 1319 490 1365 nomen
516 1295 716 1366 AEtolorum
741 1296 787 1368 ad
814 1297 1098 1369 internecionem
1120 1295 1217 1368 vide-

148 1404 256 1477 batur
276 1419 483 1477 renturum.
504 1408 705 1496 Caeterum,
725 1432 934 1505 quanquam
954 1407 1085 1479 merito
1101 1407 1217 1478 iratus

147 1531 224 1587 erat
234 1515 377 1605 AEtolis,
389 1515 491 1614 quod
501 1516 598 1587 solos
611 1515 831 1590 obtrectasse
842 1529 852 1560 ¹
864 1518 985 1616 gloria
999 1541 1088 1605 suae,
1101 1541 1216 1613 quum

147 1625 316 1698 liberaret
339 1629 536 1716 Graeciam,
563 1630 802 1715 meminerat,
827 1642 864 1700 et
889 1627 980 1698 nibil
1004 1627 1218 1719 auctoritqte

147 1760 212 1806 sua
230 1751 350 1807 motos
368 1761 464 1825 esse,
484 1762 616 1834 quum,
633 1764 714 1836 quae
729 1754 806 1810 tum
825 1740 979 1809 maxime
997 1736 1217 1826 acciderant,

147 1871 272 1918 casura
286 1871 538 1945 praemonens,
557 1874 577 1919 a
595 1847 733 1921 furioso
751 1850 896 1947 incepto
917 1874 980 1920 eos
997 1848 1217 1933 deterreret;

147 1972 289 2043 tamen,
309 1959 365 2029 sui
383 1961 539 2031 maxime
559 1962 678 2057 operis
696 1984 773 2033 esse
790 1959 961 2046 eredens,
982 1958 1120 2030 nullam
1137 1982 1218 2055 gen-

146 2079 222 2137 tem
242 2064 399 2139 liberatae
422 2094 443 2139 a
465 2092 503 2141 se
527 2072 673 2141 Groeeiae
699 2069 864 2142 funditus
885 2070 1018 2152 everti,
1040 2065 1218 2139 obambu-

148 2175 220 2246 lare
231 2179 362 2266 muris,
378 2193 418 2249 ut
433 2176 535 2250 facile
551 2196 767 2253 nosceretur
780 2180 826 2251 ab
840 2180 974 2266 AEtolis,
989 2181 1111 2278 coepit.
1127 2181 1218 2249 Cou-

146 2282 265 2356 sestim
280 2312 301 2357 a
316 2288 440 2385 primis
454 2289 672 2361 stationibus
685 2292 853 2389 cognitus
867 2305 941 2379 est,
956 2290 1217 2387 vulgatumque

147 2420 212 2492 per
226 2421 354 2469 omnes
370 2398 536 2487 ordines,
556 2402 750 2490 Quintium
765 2425 853 2473 esse.
873 2407 1019 2498 Itaque,
1037 2382 1216 2472 eoncurdu

146 2504 241 2579 facto
264 2509 427 2608 undique
446 2512 483 2581 in
503 2537 649 2599 muros,
668 2537 797 2583 manus
817 2538 883 2610 pro
906 2538 944 2584 se
964 2514 1119 2608 quisque
1139 2524 1217 2581 teu·

146 2616 297 2706 dentes,
325 2634 547 2693 consonante
581 2620 739 2693 clamore
775 2623 990 2692 nominatim
1024 2621 1217 2712 Quintium

145 2751 271 2816 orare,
295 2744 337 2800 ut
361 2754 469 2828 opem
494 2729 605 2802 ferret
628 2757 670 2802 ac
691 2746 857 2803 servaret.
881 2736 925 2802 Et
947 2747 1026 2803 turn
1046 2729 1216 2827 quidem,

145 2860 355 2936 quanquam
379 2855 588 2912 moveretur
614 2840 670 2912 his
688 2841 861 2928 vocibus,
879 2866 992 2912 manu
1013 2856 1133 2912 tamen
1153 2840 1219 2912 ab·

147 2947 247 3034 nuit,
275 2948 476 3046 quidquam
505 2951 585 3049 opis
611 2951 650 3020 in
679 2976 717 3023 se
744 2963 858 3023 esset
889 2955 1090 3034 Caeterum,
1116 2965 1218 3050 post·

145 3082 255 3154 quam
272 3058 318 3129 ad
331 3059 518 3131 consulem
531 3064 631 3132 venit
645 3090 653 3131 :
671 3068 832 3135 «Utrum
846 3060 995 3147 fefellit,
1010 3063 1148 3158 iuquit,
1165 3077 1216 3151 te,

145 3199 162 3233 a
176 3168 234 3240 Μ’.
254 3169 477 3267 Acili,·quid
496 3174 644 3268 agatur?
661 3198 727 3264 an,
749 3197 863 3271 quum
883 3169 989 3244 satis³
1010 3171 1217 3269 pervideas,

146 3378 234 3426 latetur
248 3379 397 3441 Glareanus,
414 3393 439 3431 et
456 3384 594 3450 suspicatur
607 3401 661 3433 cor·
705 3385 780 3434 Drak.
791 3386 891 3436 Confer.
901 3383 932 3431 ad
942 3383 1044 3439 XXIX,
1060 3395 1099 3439 ιν,
1112 3396 1137 3427 ιι.
1150 3382 1174 3428 6.
1184 3408 1217 3416 -

145 3470 245 3524 ruptum
252 3475 356 3521 nomem
367 3478 412 3509 nee
421 3463 509 3512 merito
519 3479 526 3513 :
536 3480 592 3512 nam
601 3482 661 3529 praa
704 3466 748 3513 Sui
762 3465 870 3513 maxime
883 3462 963 3527 operis
979 3477 1028 3509 esse
1044 3459 1158 3517 eredens,
1169 3471 1217 3508 eta.

146 3549 184 3585 ter
198 3538 330 3604 Polybium
342 3541 414 3588 etiam
431 3542 575 3592 Plutarchus
587 3544 661 3606 hujus
704 3547 808 3602 Patras,
819 3555 847 3592 ut
860 3542 962 3607 exponit
973 3539 1220 3602 Doeriugmaximo·

145 3616 252 3682 regionis
264 3617 290 3665 in
301 3619 406 3681 Quintio
419 3621 454 3669 ita
465 3624 587 3672 meminit:
601 3624 660 3694 sipo-
702 3641 761 3691 pere
779 3638 825 3689 per
847 3640 872 3669 se
896 3618 1077 3685 prohibendum
1096 3636 1163 3677 esse,
1186 3636 1218 3669 ne

146 3697 224 3764 plaut
249 3690 279 3747 dl
307 3697 349 3752 καὶ
373 3703 507 3771 φερομένων
534 3703 583 3754 ὐπὸ
616 3707 658 3754 τοῦ
704 3702 753 3752 ulla
766 3718 825 3766 gens
839 3698 1122 3748 liberataeaseGraeciae
1136 3698 1217 3746 snudi-

146 3771 292 3837 Μακεδόνος
311 3782 380 3830 τοῦτο
406 3781 450 3850 μὲν
478 3782 590 3834 Δολόπων
617 3781 659 3835 καὶ
705 3793 745 3831 tus
760 3791 890 3828 evertatur.
906 3779 993 3838 lusca,
1012 3779 1167 3835 xxxvm,
1184 3795 1217 3840 9,

146 3854 298 3935 plurativos·
320 3864 392 3911 τοῦτο
416 3855 442 3911 d·
456 3841 592 3932 illapu‘aua
618 3861 659 3914 καὶ
704 3859 863 3922 Amynander
880 3858 950 3923 quod
966 3857 1005 3905 sui
1021 3856 1125 3904 maximi
1138 3855 1218 3920 operis

142 3935 303 4006 Απεράντων.
311 3941 424 3989 Testatur
431 3942 545 4005 Sigonius
551 3942 660 3990 eamdem
704 3937 775 4003 erat(
785 3937 853 4003 quod
862 3937 909 3985 sibi
922 3937 1088 4000 maximopere
1096 3933 1218 3999 agendum

144 4017 267 4079 regionem
275 4020 401 4068 memorari
409 4020 482 4069 etiam
488 4020 555 4085 apud
563 4021 661 4086 Thucy·
704 4029 755 4066 erat
765 4015 789 4081 ),
799 4017 903 4082 impigre
911 4014 1006 4079 agebat.
1018 4015 1063 4062 Eu.

145 4095 227 4144 didem
235 4130 242 4156 ,
251 4108 277 4144 et
289 4099 446 4157 Strabonem,
457 4111 483 4148 et
495 4100 563 4148 alios.
575 4101 624 4148 En.
740 4113 765 4144 a.
775 4097 853 4143 Manu
865 4107 947 4144 tamea
958 4092 1058 4149 abatur,
1067 4102 1129 4141 nutu
1140 4102 1218 4157 gestu·

179 4177 241 4226 Car.
251 4177 374 4226 XXXlV.
383 4195 405 4228 1.
415 4176 503 4243 Quod(
511 4178 574 4226 forte
585 4195 660 4242 quau
705 4193 753 4242 que
761 4191 846 4223 manus
855 4171 1001 4238 significavit
1008 4171 1074 4219 baud
1083 4171 1218 4236 quidquam

144 4255 238 4319 Gran.)
252 4257 316 4305 solos
329 4258 486 4314 obtrectasse,
498 4267 545 4305 ete.
559 4257 616 4304 vide
629 4257 659 4304 ad
704 4257 757 4320 opis
768 4256 793 4304 ia
807 4269 899 4304 saeue.

127 4319 333 4394 'xxx111,3r.
352 4363 386 4373 -
406 4337 465 4382 Tum
487 4334 609 4391 maxiano,
625 4353 656 4383 eo
740 4329 1217 4398 3.lltrumsefillit...te,qaidagatur.’

145 4414 599 4479 inaximetempore:immoleg.quum
609 4431 658 4462 ma·
703 4432 752 4473 aaa,
779 4426 826 4463 etc.
849 4410 969 4461 Consulto
993 4410 1062 4473 loqui
1087 4409 1218 4470 Quintium

145 4493 226 4552 rima,
244 4493 270 4540 id
285 4504 334 4552 est,
353 4493 401 4543 hoc
417 4494 519 4542 maxime
535 4505 655 4558 tempore;
702 4494 777 4558 paulo
788 4490 916 4543 obscurius
925 4490 985 4538 (licit
996 4491 1070 4538 Doer.
1083 4499 1107 4537 et
1120 4489 1155 4538 sic
1167 4489 1217 4536 lara
