2722 5040
188 728 311 846 32:33ss
457 751 610 819 ernau
642 752 735 820 xm.
763 753 929 822 surrn.
1154 753 1223 854 573

160 870 302 935 mebant.
326 871 396 935 Jarn
413 871 500 933 euim
526 870 571 933 ob
597 868 751 958 quasdam
775 871 1027 937 offensiunculas
1055 895 1223 966 suspectos

160 971 323 1036 habebant
333 972 510 1035 Romanos.
521 972 645 1035 Eorum
657 972 780 1036 auxiliis
794 994 893 1061 regno
902 973 1025 1061 potitus
1039 977 1226 1043 Antiochus

160 1088 249 1136 tanto
266 1073 462 1162 populorum
479 1070 596 1162 gaudio
616 1089 768 1160 exceptus
786 1090 850 1153 est,
868 1089 905 1137 ut
921 1074 951 1138 ei
967 1096 1150 1164 cognomen
1169 1081 1222 1144 in-

160 1172 299 1238 diderint
311 1173 469 1262 Epiphani
475 1221 486 1255 ,
501 1172 589 1260 quod
600 1223 609 1255 ‚
621 1196 722 1262 quum
737 1175 831 1239 alieni
843 1198 861 1239 a
872 1176 976 1264 stirpe'
984 1177 1070 1266 regia
1083 1202 1221 1270 regnum

159 1276 362 1359 invaderent,
378 1277 447 1364 ipse
462 1276 552 1339 avitae
568 1274 700 1339 ditionis
717 1292 856 1340 assertor
869 1293 1001 1342 exortus
1017 1278 1083 1342 suis
1099 1279 1221 1345 illuxis-

158 1394 215 1442 set.
237 1379 351 1466 Neque
373 1400 451 1441 vero
472 1378 501 1440 ei
523 1374 564 1440 ad
582 1399 632 1440 res
656 1376 783 1440 bellicas
806 1375 909 1442 defuit
931 1377 1052 1444 indoles
1075 1397 1108 1444 et
1128 1383 1221 1472 vigor

157 1480 265 1544 animi.
282 1481 405 1544 Verum
419 1479 462 1543 ita
480 1500 596 1567 pravus
612 1493 644 1541 et
656 1477 860 1543 inconsultus
876 1479 940 1543 luit
954 1481 988 1543 in
1007 1497 1074 1545 tota
1090 1488 1219 1548 morum

156 1596 188 1644 et
202 1566 417 1645 instituendae
433 1581 504 1643 vitae
520 1580 662 1659 ratione,
682 1594 719 1641 ut
735 1578 843 1659 brevi,
863 1583 1058 1669 cognomine
1072 1601 1216 1668 mutato,

157 1704 216 1768 pro
232 1683 400 1771 Epiphape
416 1682 599 1769 Epimenes,
617 1678 651 1744 id
668 1696 733 1761 est,
752 1681 894 1762 insanus,
910 1683 1115 1748 vocitaretur.
1129 1686 1219 1774 Saepe

157 1784 243 1847 enim
264 1805 409 1871 egressus
425 1805 444 1846 e
465 1783 552 1872 regia
569 1781 678 1852 insciis
694 1779 864 1861 ministris,
886 1803 953 1844 uno
971 1798 1028 1846 aut
1046 1785 1145 1848 altero
1162 1809 1219 1851 co·

156 1885 250 1966 mite,
273 1907 331 1973 per
353 1885 468 1948 urbem
494 1905 567 1946 rosa
589 1898 763 1947 coronatus
783 1898 816 1946 et
836 1904 916 1946 auro
943 1899 1061 1946 textam
1085 1884 1219 1950 indutus

154 2001 275 2049 vestem
288 1984 470 2065 incedebat,
490 1985 619 2049 iuterim
636 1984 813 2073 lapidibus,
825 2006 908 2071 quos
924 1984 986 2047 sub
1002 1985 1049 2048 ala
1064 1988 1215 2075 gerebat,

155 2086 314 2151 incessens
328 2087 456 2168 obvios3
469 2085 632 2150 interdum
649 2101 761 2150 contra
778 2107 929 2148 nummos
945 2085 978 2147 in
995 2087 1111 2174 vulgus
1127 2110 1216 2175 spar-

154 2208 248 2274 gens,
262 2188 522 2276 vociferansque,
538 2203 645 2252 sumat
653 2235 663 2268 ,
679 2184 874 2270 cuifortuna
888 2185 1019 2250 dederit.
1038 2189 1122 2252 Alias
1135 2213 1214 2254 vero

153 2310 210 2376 per
231 2287 416 2370 aurificum,
434 2290 698 2376 coelatorumque‚
714 2304 746 2352 et
763 2287 900 2351 aliorum
922 2286 1089 2352 fabrorum
1113 2289 1216 2355 offici·

153 2411 209 2454 nas
237 2390 455 2473 discurrebat,
485 2390 526 2455 de
551 2391 709 2479 cujusque
741 2407 809 2453 arte
835 2388 1008 2453 ambitiose
1036 2389 1215 2458 disserens:

82 2551 84 2555 .
153 2513 240 2557 nunc
257 2516 332 2558 cum
357 2493 454 2557 obvio
476 2515 610 2581 quoque
630 2490 831 2580 plebeiorum
853 2491 1025 2555 hominum
1050 2516 1216 2559 sermones

152 2595 305 2660 miscebat
322 2597 355 2659 in
377 2595 524 2683 publico,
546 2588 636 2657 nunc
655 2593 776 2657 circum
797 2592 934 2680 popinas
952 2595 1122 2675 oberrans,
1139 2618 1215 2660 cum

150 2696 271 2760 ultimae
283 2697 378 2759 sortis
390 2695 565 2784 peregrinis
577 2711 609 2758 et
622 2693 752 2758 advenis
767 2696 1003 2782 computationi
1014 2695 1214 2786 indulgebat.

150 2796 182 2859 Si
196 2821 279 2886 quos
291 2799 375 2862 forte
385 2799 519 2878 juvenes
536 2796 763 2884 tempestivum
773 2796 935 2861 celebrare
947 2798 1131 2861 convivium
1143 2820 1215 2861 sen·

82 2880 98 2905 ‘
150 2913 243 2979 serat,
252 2899 322 2986 ipse
333 2899 440 2962 statim
456 2920 532 2961 cum
548 2899 667 2986 poculo
681 2914 714 2961 et
729 2897 923 2986 symphonia
934 2898 1126 2986 improvisus
1141 2897 1214 2963 ade·

149 3015 197 3062 rat
213 2999 480 3063 comissabundus
496 3016 530 3063 et
544 3000 710 3065 lasciviens
720 3025 729 3081 3
741 3000 786 3062 ita
800 3014 837 3062 ut
855 2999 900 3061 rei
915 2998 1055 3060 novitate
1073 2997 1211 3082 perculsi

148 3100 291 3188 plerique
314 3109 348 3165 s'e
366 3102 399 3164 in
424 3103 532 3191 fugam
553 3101 683 3181 darent,
700 3101 816 3188 partim
837 3114 926 3161 metu
948 3098 1210 3162 conticescerent.

147 3200 184 3263 ln
208 3202 344 3290 publicis
365 3226 497 3293 quoque
519 3204 642 3267 balneis
660 3224 735 3266 cum
751 3198 844 3262 turba
864 3219 938 3260 eum
956 3199 1060 3261 lavare
1078 3198 1209 3263 solitum

148 3300 244 3365 fuisse
267 3319 402 3367 constat.
431 3304 484 3369 lbi
505 3327 608 3391 quum
636 3300 810 3390 unguentis
836 3314 944 3362 tamen
973 3300 1210 3386 pretiosissimis

147 3417 308 3486 uteretur,
331 3405 439 3468 ferunt
464 3401 635 3492 quemdam
667 3402 695 3463 ei
721 3400 761 3462 de
783 3399 877 3487 plebe
899 3399 1065 3464 hominem
1091 3400 1209 3466 dixisse

147 3504 334 3589 quondam:
351 3505 468 3568 Beatus
483 3527 532 3584 es,
551 3527 570 3565 0
588 3526 648 3566 rex
661 3505 673 3564 !
686 3515 848 3587 unguenta
870 3503 1009 3562 maxtmi
1020 3502 1121 3588 pretii
1136 3501 1209 3587 oles.

147 3602 207 3666 Cui
225 3604 294 3688 ille,
311 3604 397 3670 dicto
415 3605 609 3685 delectatus,
618 3603 694 3694 jam
708 3617 756 3685 te,
771 3601 897 3690 inquit,
914 3603 960 3665 ita
974 3602 1090 3681 beabo,
1107 3618 1144 3666 ut
1156 3629 1209 3667 so·

144 3717 249 3768 turum
261 3721 292 3770 te
308 3731 370 3770 esse
373 3704 508 3793 fateare
516 3729 529 3784 ;
546 3721 578 3768 ct
594 3705 701 3768 statim
716 3705 750 3768 in
767 3703 835 3782 ejus
850 3717 947 3789 caput
964 3701 1128 3789 ingentem
1144 3728 1207 3769 un-

144 3807 256 3892 guenti
273 3807 461 3870 nobilissimi
478 3827 593 3868 urnam
611 3803 737 3868 effundi
751 3804 866 3882 jussit:
884 3803 928 3865 ita
946 3807 998 3879 ut,
1012 3820 1142 3869 natante
1157 3831 1210 3896 pa·

142 3904 301 3987 vimento,
317 3907 351 3969 in
370 3905 496 3970 lubrico
511 3905 670 3992 lapsantes
691 3920 760 3967 tum
778 3903 898 3981 caeteri,
917 3919 987 3967 tum
1003 3905 1071 3994 ipse
1085 3929 1139 3972 rex
1156 3910 1208 3972 in·

143 4007 253 4091 primis
271 4008 446 4072 cachinnos
465 4004 579 4069 tollens
596 4004 790 4068 concideret.

186 4109 249 4172 XX
268 4107 409 4195 (XXV).
431 4106 620 4188 Postremo,
644 4121 771 4192 sumpta
797 4106 869 4169 loeo
890 4108 986 4173 vestis
1004 4115 1098 4199 regiae
1117 4127 1209 4201 toga,

175 4318 262 4361 Suari..
281 4314 352 4358 Oros.
367 4311 411 4372 lv,
429 4326 471 4359 ao.
484 4337 513 4347 -
530 4311 637 4375 Appian.
651 4311 706 4373 Syr.
721 4335 755 4346 -
769 4311 822 4357 [ἰν.
832 4311 988 4368 xxxvln,
1007 4313 1048 4357 38.
1067 4336 1100 4346 -
1115 4309 1205 4373 Polyb.

139 4397 205 4463 apud
215 4394 305 4444 Athen.
316 4393 376 4441 libb.
387 4394 410 4437 V
422 4406 446 4443 et
465 4396 506 4452 x,
527 4405 551 4440 rt
569 4392 632 4442 Ptol.
650 4395 738 4457 Everq.
754 4394 820 4459 apud
840 4393 965 4453 eumdem,
976 4392 1018 4440 lib.
1033 4393 1065 4440 Χ.
1085 4420 1109 4428 -
1131 4392 1206 4443 Diod.

141 4482 217 4534 sicul.
237 4479 302 4544 apud
317 4477 397 4526 vuer.
