2722 5040
168 816 291 933 ῢῐὲἔὲζῑ
340 839 423 906 Lus.
449 838 611 909 xxxix.
640 839 737 907 car.
763 839 888 906 xxtv.
916 840 1025 906 xxv.
1136 834 1205 906 363

141 961 193 1032 Ti.
212 960 468 1059 Sempronium
480 955 508 1029 ⁶.
528 960 695 1048 Quorum
710 956 780 1029 sub
793 957 988 1029 adrentum
1003 957 1049 1028 ad
1059 958 1206 1029 Thessa-

142 1070 209 1142 lica
225 1075 362 1167 Tempe
379 1066 550 1140 omnibus
570 1069 611 1139 iis
628 1065 852 1154 civitatibus,
870 1066 1004 1165 quibus
1022 1092 1105 1139 cum
1122 1093 1207 1167 rege

141 1181 355 1278 disceptatio
374 1192 471 1262 erat,
489 1179 684 1250 concilium
699 1178 875 1249 indictum
892 1191 955 1248 est.

132 1319 137 1327 ·
191 1295 303 1363 XXV.
318 1288 373 1360 Ibi
388 1313 502 1388 quum
515 1292 657 1361 romani
673 1289 779 1388 legati
793 1288 1093 1387 disceptatorum¹
1108 1288 1207 1375 loco,

141 1400 300 1473 Thessali
317 1399 570 1497 Perrhaebique
586 1414 623 1471 et
636 1400 851 1472 Athamanes
867 1399 965 1471 haud
984 1398 1086 1471 dubii
1101 1421 1208 1470 accu-

142 1527 296 1601 satores,
310 1510 497 1610 Philippus
509 1510 554 1582 ad
568 1510 744 1582 audienda
757 1513 907 1582 crimina
920 1525 1093 1607 tanquam
1107 1532 1207 1593 reus,

143 1623 410 1708 consedissent3
426 1646 494 1720 pro
513 1623 659 1719 ingenio
681 1622 835 1719 quisquc
854 1644 1002 1707 eorum,
1024 1621 1090 1717 qui
1110 1621 1209 1718 prin·

143 1737 242 1835 cipes
266 1734 493 1832 legationum·
511 1747 634 1821 erant,
655 1746 692 1804 et
714 1734 825 1830 gratia
850 1755 933 1803 cum
955 1730 1122 1829 Philippo
1147 1744 1210 1800 aut

144 1847 251 1934 odio,
268 1843 432 1917 acerbius
447 1844 604 1914 leviusve
619 1857 782 1940 egerunt.
797 1847 841 1912 In
857 1840 1138 1912 controversiam
1152 1863 1209 1910 su·

144 1972 218 2041 tem
233 1953 429 2026 veniebant
441 1952 740 2051 Philippopolis,
749 1954 888 2039 Tricca,
903 1950 1077 2032 Phaloria,
1090 1962 1127 2020 et
1140 1954 1209 2020 Eu-

144 2064 653 2161 rymenaeetcaeteracircaeas
664 2061 949 2162 oppida3utrum
956 2059 1209 2132 Thessalorum

141 2173 251 2267 juris,
277 2194 392 2270 quum
417 2173 453 2241 vi
479 2173 652 2269 ademptae
675 2195 919 2270 possessa-que
944 2169 990 2241 ab
1008 2170 1131 2241 AEtolis
1154 2167 1210 2241 lo-

145 2298 228 2354 rent
240 2283 345 2379 (nam
359 2282 565 2382 Philippum
581 2283 705 2354 AEtolis
721 2282 895 2355 ademisse
910 2302 970 2353 eas
983 2279 1209 2375 constabat),

146 2416 192 2464 an
219 2395 354 2465 aetolica
388 2395 588 2490 antiquitus
617 2418 658 2464 ea
687 2391 820 2492 oppida
845 2391 1006 2463 fuissent.
1034 2396 1091 2460 Ita
1114 2395 1210 2460 enim

146 2501 305 2573 Acilium
323 2509 400 2600 regi
420 2510 650 2590 concessisse,
671 2511 704 2574 si
716 2502 921 2574 AEtolorum
928 2503 1105 2592 fuissent,
1125 2516 1161 2569 et
1179 2508 1212 2570 si

145 2612 350 2699 voluntate,
370 2638 442 2684 non
463 2620 551 2684 sivi
567 2629 677 2711 atque
693 2620 803 2684 arms's
826 2619 942 2684 eoacti
950 2667 960 2698 ,
981 2636 1064 2682 cum
1080 2609 1210 2681 AEtolt's

146 2739 270 2794 essent.
289 2722 459 2817 Ejusdem
473 2722 636 2795 formulae
652 2723 863 2822 disceptatio
877 2724 922 2795 de
937 2719 1210 2794 Perrhaeborum

146 2836 427 2932 Magnetumque
452 2834 595 2932 oppidis
620 2833 699 2906 fuit.
723 2835 896 2906 Omnium
914 2835 1010 2905 enim
1027 2833 1107 2928 jura
1126 2854 1210 2929 pos-

147 2941 298 3015 sidendo
323 2969 390 3043 per
415 2948 621 3016 occasiones
650 2945 755 3016 AEtoli
780 2948 1008 3018 miscuerant.
1037 2943 1092 3013 Ad
1115 2941 1210 3023 haec,

146 3078 227 3151 quae
250 3055 518 3152 disceptationis
543 3070 669 3141 erant,
696 3056 853 3153 querelae
876 3053 1128 3126 Thessalorum
1150 3051 1211 3120 ad-

145 3166 268 3260 jectas,
287 3165 390 3263 quod
404 3191 449 3236 ea
467 3166 623 3263 oppida,
640 3169 761 3262 sijum
778 3165 1011 3237 redderentur
1022 3161 1092 3232 sibi
1100 3196 1115 3244 ,*
1127 3184 1210 3256 spo·

183 3413 207 3459 6.
220 3411 256 3459 Τι’.
266 3410 446 3476 Sempronium,
464 3408 520 3463 Tus.
533 3406 656 3463 Κλαύδιον
700 3411 839 3460 mortalium
851 3409 902 3458 Aut
914 3408 996 3472 gratie
1008 3404 1154 3462 subscribit,
1169 3417 1210 3454 aut

148 3492 222 3540 codd.
233 3491 322 3555 Polyb.
336 3492 402 3540 unde
414 3495 462 3555 Ap.
479 3491 607 3540 Claudiam
617 3509 657 3540 su·
700 3491 761 3540 odio
772 3507 817 3539 sno
824 3506 851 3548 ις
865 3490 903 3537 vel
916 3488 997 3537 deleto
1008 3497 1048 3534 ct:
1058 3485 1145 3550 gratia
1156 3501 1210 3533 cam

148 3571 237 3636 spicari
250 3571 335 3637 possis.
348 3568 397 3622 Sed
407 3572 472 3619 cons.
486 3571 530 3619 ins.
546 3587 600 3635 cap.
616 3572 656 3618 33.
700 3569 763 3619 Phil.
776 3581 822 3618 aas
841 3568 908 3617 odio.
925 3570 961 3615 Ita
971 3568 1003 3624 V,
1020 3566 1049 3622 8,
1063 3575 1089 3610 nt
1103 3580 1210 3628 quosque

148 3651 266 3712 Quisnam
278 3666 336 3698 vero
347 3650 388 3699 hic
400 3649 558 3714 Sempronius
570 3650 657 3707 fuerit,
701 3649 807 3698 studium
818 3647 941 3712 privatum
954 3657 1000 3693 arat
1011 3642 1095 3709 gratia
1107 3659 1210 3707 oectrpa·

148 3742 200 3776 non
209 3740 311 3778 constat.
701 3738 774 3776 verat.
785 3729 815 3777 Et
824 3737 936 3792 poterant
946 3723 1057 3773 librarios
1068 3722 1148 3770 fallere
1155 3724 1209 3771 lom

182 3808 242 3858 css.
252 3810 337 3857 XXV.
350 3825 371 3856 ι,
385 3808 579 3873 Disceptutorum
588 3808 656 3866 Ioco,
700 3808 758 3857 huic
769 3807 856 3856 similia
873 3806 968 3871 specie,
980 3821 1005 3852 ue
1020 3803 1092 3869 plana
1106 3802 1210 3852 dissimi-

147 3887 204 3935 ridc
221 3889 252 3936 ad
268 3891 294 3948 1,
312 3890 360 3947 50,
380 3905 405 3935 n.
426 3889 451 3936 5.
473 3916 508 3924 -
522 3890 555 3934 Et
571 3887 656 3952 gratia
700 3887 744 3946 lir3
766 3886 817 3934 rid.
839 3902 892 3950 cap.
913 3886 1018 3942 11111,
1038 3882 1127 3941 3;α1ιϊ
1146 3899 1210 3931 nunc

147 3983 202 4014 cum
213 3966 325 4032 Philippo
333 3979 379 4015 aut
391 3966 461 4024 odio,
476 3978 522 4015 etc.
534 3968 608 4015 Iquc
620 3966 657 4015 lo-
696 3965 802 4030 probra,
815 3980 880 4012 nunc
896 3963 1056 4012 bussilitatem
1070 3961 1207 4010 sordidam·

147 4060 203 4094 cun
221 4046 303 4095 laudat
327 4046 422 4095 Ludos.
436 4046 532 4095 Walcb.
556 4046 656 4095 Emeud.
700 4061 748 4110 que
765 4044 889 4114 iuopiam,
910 4055 936 4091 ss
948 4042 1073 4108 pudenda
1089 4041 1151 4090 artis
1165 4054 1210 4089 aut

147 4125 200 4173 [ἰν.
212 4142 268 4190 pag.
286 4127 349 4183 188,
361 4127 429 4188 quasi
448 4125 607 4190 pertinentem
626 4124 658 4172 ad
701 4136 797 4187 questus
807 4141 884 4189 genus
896 4123 1027 4189 objicerent
1037 4142 1056 4171 a.
1070 4123 1107 4169 De
1119 4122 1208 4168 oratio-

147 4219 223 4267 genus
241 4202 458 4267 densioribus&
477 4222 498 4251 e.
520 4205 657 4252 otthonum
701 4218 732 4253 ns
749 4220 803 4267 qun
820 4215 921 4253 vocatur
937 4203 1092 4261 ἀνακοὶουθος
1106 4201 1155 4249 vid.
1177 4200 1207 4247 al.

147 4284 173 4330 in
182 4283 272 4347 quibus
283 4284 365 4332 subito
374 4295 481 4332 mutatur
492 4293 534 4331 aut
545 4281 657 4345 relinqui·
701 4283 838 4348 exemplum
848 4283 879 4331 ad
888 4284 1117 4340 xxxv111,21‚n.
1133 4296 1153 4327 1.
1162 4281 1207 4325 En.

148 4373 188 4410 tur
209 4363 322 4411 inchoata
351 4360 532 4426 constructio).
555 4363 656 4417 «Sanc,
736 4378 761 4411 a.
772 4361 1028 4427 Phib'ppopols‘s,·vide
1039 4359 1070 4407 ad
1080 4359 1207 4407 mut.

146 4441 195 4499 ait,
216 4442 288 4490 scribi
308 4441 423 4498 debebat,
443 4441 493 4489 vel:
515 4452 560 4488 arse
573 4441 657 4505 gratia
703 4457 715 4502 7
725 4475 733 4500 ,
745 4458 770 4490 n.
785 4458 809 4504 p.
825 4469 859 4478 -
878 4443 1037 4502 Eurymeuoe5
1052 4438 1102 4485 vid.
1119 4435 1208 4498 Scylax

148 4536 203 4567 cum
226 4520 337 4586 Pltilr'ppo
356 4521 485 4578 untedio,
501 4532 528 4569 ut
546 4522 571 4569 in
592 4522 657 4569 notis
700 4521 885 4586 Caryaudpag.
898 4522 943 4578 605
957 4523 1036 4584 intpp.
1049 4516 1206 4581 Plinlvstt,

148 4599 271 4649 versibus:
285 4623 296 4642 ·
304 4599 413 4650 Ambitio
423 4617 526 4665 namque
539 4600 657 4650 dissidens
701 4612 726 4648 et
735 4598 819 4665 steph.
