2722 5040
173 822 300 930 ῧῑὲζξὲζς
372 848 521 918 mmm
547 848 746 916 xxxvn.
772 850 875 917 cle.
900 850 1003 916 L111.
1147 872 1204 943 η,

146 955 246 1028 abus
263 962 375 1047 meis,
399 975 476 1031 tota
496 959 607 1031 classe
629 959 674 1030 ad
698 958 972 1056 Hellespontum
994 963 1033 1030 L.
1053 960 1211 1058 Scipioni

146 1069 317 1141 «consuli
335 1084 456 1144 vestro
477 1072 637 1155 occurri,
655 1083 695 1140 ut
714 1093 796 1140 eum
817 1070 855 1138 in
876 1068 1088 1162 trajiciendo
1109 1094 1212 1140 exer-

146 1209 162 1242 α
177 1181 252 1250 citu
267 1182 487 1277 adjuvarem.
503 1186 697 1286 l’ostquam
713 1181 752 1249 in
768 1181 885 1250 Asiam
903 1181 1082 1250 exercitus
1094 1194 1212 1250 vester

146 1319 162 1354 α
175 1305 230 1361 est
244 1305 503 1388 transgressus,
513 1314 701 1386 uunquam
715 1313 736 1359 a
750 1287 900 1360 consule
913 1286 1086 1358 abscessi:
1101 1312 1212 1359 nemo

145 1428 162 1462 s
175 1399 278 1471 miles
295 1425 469 1472 romanus
485 1402 598 1497 magis
615 1398 779 1470 assiduus
795 1399 970 1469 incastris
987 1399 1112 1469 vestris
1124 1395 1211 1484 luit,

144 1540 161 1575 α
175 1534 285 1607 quam
308 1537 377 1611 ego
399 1511 601 1608 fratresque
619 1513 702 1581 mei,
724 1509 830 1580 Nulla
851 1507 1051 1606 expeditio,
1068 1508 1211 1578 nullum

144 1635 343 1717 «equestre
368 1622 530 1721 praelium
554 1623 631 1692 sine
657 1645 717 1693 me
743 1618 877 1690 lactum
904 1633 970 1690 est.
996 1624 1039 1689 In
1064 1620 1139 1690 acie
1159 1617 1211 1689 ihi

145 1762 162 1797 «
175 1735 278 1819 steti,
304 1757 384 1804 eam
404 1748 542 1831 partem
563 1756 642 1803 sum
663 1744 824 1817 tutatus,
845 1731 884 1799 in
909 1753 981 1827 qua
1002 1754 1060 1800 me
1084 1729 1211 1800 consul

145 1872 161 1905 α
174 1866 253 1912 esse
270 1843 396 1914 voluit.
419 1847 502 1916 Non
523 1867 603 1913 sum
623 1841 695 1913 hoc
714 1840 895 1925 dicturus,
916 1845 1037 1911 Patres
1054 1840 1210 1937 conscri-

145 1980 161 2014 α
175 1952 252 2048 pti:
272 1955 354 2048 quis
371 1952 443 2043 hoc
461 1951 558 2024 bello
573 1953 709 2023 meritis
724 1976 808 2048 erga
826 1975 891 2020 vos
907 1974 1050 2020 mecum
1067 1974 1212 2047 compa-

145 2061 246 2128 «rari
264 2061 409 2157 potest?
428 2068 503 2159 Ego
526 2061 618 2132 nulli
636 2062 802 2132 omnium
823 2082 944 2156 neque
966 2059 1209 2156 populorum,

146 2199 162 2232 κ
175 2193 296 2266 neque
316 2195 463 2268 regum,
483 2196 576 2268 quos
590 2174 628 2242 in
646 2196 778 2269 magno
796 2170 938 2241 honore
957 2168 1117 2256 habetis,
1132 2194 1210 2239 non

146 2282 290 2351 «ausim
315 2306 374 2354 me
397 2307 615 2379 comparare.
637 2283 758 2354 Hostis
779 2282 964 2352 Masinissa
985 2294 1068 2351 ante
1086 2279 1209 2367 vobis,

145 2415 285 2486 «quam
304 2395 442 2480 socius,
459 2391 545 2480 fuit3
564 2418 632 2465 nec
650 2393 824 2464 incolumi
838 2415 954 2488 regno
972 2415 1055 2462 cum
1070 2391 1210 2462 auxiliis

146 2529 162 2563 α
176 2504 268 2588 suis,
282 2502 345 2573 sed
359 2506 532 2590 extorris,
544 2504 730 2603 expulsus,
745 2504 881 2574 amissis
894 2501 1064 2573 omnibns
1080 2503 1209 2600 copiis,

146 2640 162 2675 α
176 2635 260 2682 cum
274 2626 392 2684 turma
404 2617 569 2712 equitum
581 2617 620 2685 in
635 2628 749 2687 castra
762 2612 923 2711 confugit
933 2626 1060 2684 vestra.
1073 2617 1209 2683 Tamen

146 2745 278 2810 «eum,
296 2725 381 2820 quia
393 2725 432 2794 in
447 2722 566 2795 Africa
579 2724 750 2797 adversus
766 2724 964 2822 Syphacem
978 2738 1014 2795 et
1026 2723 1209 2820 Carthagi-

147 2831 318 2904 «nienses
334 2830 489 2905 fideliter
503 2848 613 2930 atque
625 2836 776 2932 impigre
792 2833 981 2906 vobiscum
997 2835 1114 2922 stetit,
1133 2857 1209 2908 non

146 2942 212 3011 «in
233 2944 390 3040 patrium
408 2945 525 3016 solum
546 2969 699 3043 regnum
720 2947 942 3034 restituistis,
964 2943 1048 3034 sed,
1070 2944 1210 3040 adjecta

146 3052 449 3148 «opulentissima
473 3069 574 3152 parte
601 3055 771 3153 Syphacis
794 3058 919 3155 regni,
946 3071 1207 3153 praepotentem

144 3163 271 3233 «inter
295 3161 419 3234 Africae
444 3188 546 3261 reges
571 3163 714 3238 fecistis.
741 3167 824 3256 Quo
841 3164 987 3238 tandem
1012 3166 1121 3260 igitur
1140 3188 1209 3233 nos

145 3272 323 3367 «praemio
346 3288 455 3369 atque
477 3274 617 3348 honore
643 3276 743 3373 digni
769 3275 868 3374 apud
892 3300 955 3346 vos
980 3299 1124 3360 sumus,
1144 3277 1208 3370 qui

145 3408 162 3442 e
175 3405 363 3478 nunquam
381 3383 524 3473 hostes,
543 3410 687 3483 semper
711 3389 799 3459 socii
820 3385 978 3457 fuimus?
1001 3391 1120 3472 Pater,
1140 3381 1209 3481 ego

145 3488 374 3589 «fratresque
392 3496 463 3566 mei
480 3520 557 3567 non
576 3498 614 3567 in
632 3500 715 3568 Asia
736 3513 895 3583 tantum,
915 3496 979 3567 sed
998 3498 1209 3593 etiampro·

145 3631 161 3664 α
175 3603 234 3672 cul
256 3604 302 3676 ab
323 3604 432 3676 domo
447 3608 485 3676 in
502 3608 772 3704 Peloponneso,
786 3609 823 3678 in
841 3610 994 3693 Boeotia,
1011 3608 1049 3676 in
1064 3606 1208 3692 AEtolia,

145 3713 353 3812 «Philippi,
379 3718 571 3803 Antiochi,
600 3719 750 3790 AEtolico
778 3718 895 3804 hello,
923 3733 1018 3789 terra
1046 3718 1207 3813 marique

143 3852 161 3885 ι(
176 3846 243 3918 pro
262 3824 365 3896 vobis
384 3851 482 3897 arma
503 3828 660 3898 tulimus.
681 3828 778 3919 Quid
800 3853 885 3924 ergo
904 3827 1090 3925 postulas?
1113 3829 1207 3899 dicat

144 3933 313 4031 «aliquis.
333 3942 429 4033 Ego,
445 3942 565 4009 Patres
579 3940 792 4036 conscripti,
814 3939 988 4034 quoniam
1007 3939 1127 4010 dicere
1142 3939 1208 4010 uti·

142 4070 159 4104 α
175 4066 247 4137 que
257 4044 487 4118 volentihus⁹
500 4046 603 4119 vobis
615 4048 815 4145 parendum
829 4065 882 4120 est
892 4104 902 4137 ,
912 4051 940 4121 si
955 4076 1018 4122 vos
1030 4077 1072 4124 ea
1085 4064 1206 4122 mente

143 4263 168 4307 Ιι
188 4278 283 4309 sensum
301 4267 334 4311 its
350 4265 493 4329 amphorem
508 4265 573 4314 effici
589 4279 655 4332 puta·
699 4268 805 4316 studium
816 4270 850 4318 rit
860 4271 989 4320 declarare.
1003 4275 1206 4322 lin-Fratres-

142 4338 199 4397 δαῖς
210 4342 252 4389 sed
268 4343 433 4391 obscuriorem
453 4347 537 4392 Bauer.
554 4347 654 4396 Exaulat
699 4365 746 4411 qne
758 4349 896 4406 mei;conf.
911 4368 964 4416 cap.
976 4363 1054 4400 antec.
1069 4369 1094 4400 n,
1112 4358 1135 4405 l.
1150 4354 1195 4401 En.

142 4429 223 4466 tamen
240 4437 290 4468 vox
308 4439 321 4470 a
339 4425 400 4469 Lov.
424 4431 474 4470 ret
488 4425 519 4482 6,
538 4441 566 4472 ac
580 4425 655 4473 modo
734 4444 759 4489 9.
771 4429 952 4477 Dicereumel.
962 4443 988 4477 ut
999 4431 1205 4487 dicrm3c0nl.rd

142 4501 274 4560 precessit,
293 4527 328 4538 —
344 4503 401 4549 Vox
413 4503 470 4549 meis
488 4503 560 4550 ctiam
580 4506 654 4552 Docr.
699 4507 1206 4574 c.49,n.1.—Emostis‚proemovistis;

143 4572 236 4637 edidit,
254 4595 325 4641 qnam
340 4581 420 4628 multo
433 4582 529 4645 gravius
543 4584 656 4632 Eumenis
699 4597 769 4635 enter
785 4586 884 4652 publice
898 4587 1024 4663 legebatur
1037 4587 1155 4652 ejecistis,
1180 4597 1207 4635 nt
