2722 5040
174 108 195 137 l.
210 101 233 135 ll.
251 100 294 133 νί,

175 160 293 207 nce:
363 120 452 183 l.ll'›.
493 120 584 183 tut.
615 124 716 186 llll'.
750 125 826 188 XX.
856 127 1026 191 Sbl'l'l..
1141 153 1205 220 ,ιῃ

148 240 412 336 magnificentia
438 242 641 335 superiores
663 268 763 338 reges
787 246 888 326 vicit,
912 247 1134 341 reliquorum
1157 253 1212 319 sui

147 352 259 420 moris
280 364 315 419 et
331 349 434 446 copia
450 372 647 444 graccorum
664 351 852 423 artificum.
871 355 1117 427 Gladiatorum
1134 383 1212 430 mu·

147 485 217 531 nus
233 483 391 530 romauae
407 459 678 531 consuetudinis
691 463 808 558 primo
823 465 960 561 majore
975 490 1058 537 cum
1072 480 1212 542 terrore

146 570 358 653 hominum,
371 569 597 640 insuetorum
610 570 655 641 ad
670 571 741 642 tale
753 574 1016 670 spectaculum,
1030 602 1141 676 quam
1155 604 1214 652 vo

147 680 303 779 luptate,
320 677 443 750 dedit:
464 675 596 750 deiude
611 681 739 778 saepius
755 681 897 772 dando,
913 698 950 757 et
962 684 1073 759 modo
1084 688 1210 763 vulne·

145 788 248 861 ribus
262 804 389 875 tenus,
404 785 516 858 modo
530 789 608 860 sine
621 790 790 864 missione
801 804 829 836 ¹¹
848 796 976 886 etiam,
990 810 1028 869 et
1040 794 1212 871 familiare

146 901 261 973 oculis
283 915 498 999 gratumque
523 897 560 969 id
582 903 827 998 spectaculum
845 902 952 996 lecit,
975 920 1011 980 et
1027 932 1212 983 armorum

147 1011 306 1084 studium
340 1010 522 1107 plerisque
557 1009 732 1105 juvenum
761 1016 935 1087 accendit.
971 1022 1121 1115 Itaque,
1148 1021 1212 1116 qui

147 1124 266 1221 primo
291 1119 336 1191 ab
361 1126 477 1192 Roma
501 1123 640 1218 magnis
662 1125 816 1220 praemiis
837 1141 981 1222 paratos
997 1126 1213 1225 gladiatores

146 1257 325 1306 arcessere
347 1232 474 1302 solitus
497 1247 591 1320 erat,
619 1232 693 1328 jam
722 1259 789 1305 suo
818 1243 863 1331 [e
884 1267 985 1334 regno
1015 1247 1214 1312 voluntarios

146 1344 237 1409 facile
258 1343 379 1432 paravit
402 1340 611 1430 gladiatores,
636 1365 768 1431 operam
790 1344 875 1409 ultro
893 1344 934 1409 ad
956 1344 1212 1437 depugnandum

146 1448 260 1536 exigua
289 1443 438 1509 mercede
461 1443 646 1509 offerentes.
667 1446 826 1511 Caeterum
849 1446 995 1512 eamdem
1018 1449 1052 1512 iu
1076 1448 1211 1513 edendis

146 1548 352 1638 spectaculis,
366 1568 464 1634 qnam
483 1544 562 1608 etin
581 1561 693 1609 caetera
710 1546 792 1629 vita,
810 1548 999 1635 pravitatem
1017 1549 1116 1612 animi
1132 1551 1211 1614 levi·

148 1666 311 1737 tatemque
332 1645 496 1726 exhibuit,
512 1662 550 1708 nt
562 1643 716 1710 ludorum
735 1664 890 1736 apparatu
907 1649 988 1712 nihil
1004 1650 1213 1740 magnificen-

147 1751 230 1831 tius,
246 1748 327 1812 nihil
340 1749 411 1834 ipso
428 1768 503 1834 rege
516 1745 609 1809 vilius
621 1762 678 1810 aut
686 1750 904 1837 contemptius
919 1749 1093 1815 videretur.
1112 1752 1213 1834 Quod

147 1853 280 1943 quidem
293 1872 396 1938 quum
410 1870 493 1935 saepe
506 1848 599 1928 alias,
610 1865 681 1912 tum
694 1852 831 1913 maximo
846 1851 881 1913 in
895 1851 934 1915 iis
949 1851 1035 1917 ludis
1046 1856 1213 1942 apparuit,

147 1978 247 2046 quos,
261 1952 427 2017 aemulatus
447 1972 560 2013 eorum
573 1947 863 2038 magnificentiam,
880 1953 939 2040 qni
948 1976 968 2017 a
983 1953 1085 2018 Paulo
1102 1956 1136 2018 in
1149 1956 1215 2022 Ma·

146 2057 281 2123 cedonia
297 2068 370 2140 post
379 2049 541 2114 devictum
557 2050 670 2114 Persea
679 2047 744 2114 dati
758 2052 904 2134 luserant,
917 2054 1051 2119 immani
1066 2075 1213 2146 sumptu,

146 2183 206 2226 nec
220 2156 346 2222 minore
362 2175 424 2216 suo
438 2149 614 2231 dedecore,
629 2150 809 2217 Antiochiae
823 2153 936 2220 edidit.
956 2155 1078 2220 Verum
1094 2157 1135 2221 ad
1156 2181 1212 2221 ro·

146 2281 256 2325 manas
271 2278 322 2320 res
337 2269 579 2334 revertamur,a
595 2251 715 2340 quibus
728 2276 789 2319 nos
803 2255 932 2346 longius
944 2256 1096 2320 abstraxit
1112 2258 1210 2338 hujus

145 2362 229 2452 regis
248 2358 382 2423 mentio.

186 2463 267 2527 XXI
280 2456 423 2548 (XXV).
438 2457 487 2522 Ti.
500 2458 712 2546 Sempronius
720 2459 896 2540 Gracchus,
909 2458 966 2547 qni
975 2481 1033 2547 per
1041 2459 1210 2525 biennium

144 2562 323 2629 Sardiniam
340 2560 543 2641 obtinuerat,
562 2559 677 2624 tradita
701 2562 768 2625 Ser.
793 2560 943 2625 Cornelio
965 2561 1059 2624 Sullae
1080 2564 1210 2649 praetori

143 2665 327 2757 provincia,
343 2684 489 2726 reversus
506 2663 644 2725 Romam
658 2662 868 2750 triumphavit
882 2659 922 2725 de
939 2662 1056 2726 Sardis.
1074 2664 1209 2728 Tantam

145 2768 346 2857 captivorum
362 2761 603 2827 multitudinem
624 2785 717 2826 exea
736 2762 840 2827 insula
859 2762 951 2827 illum
973 2763 1143 2829 abduxisse
1164 2766 1211 2829 fe·

143 2992 375 3058 ton'um)ronsonoe
394 2985 585 3036 consuetudinis.
607 2986 656 3035 Sed
700 2999 725 3035 et
741 2988 875 3055 (quoque)
889 2988 961 3053 copia
978 3005 1115 3054 graecorum
1132 2989 1209 3058 artifi-

143 3071 238 3136 reiiquu
259 3069 398 3135 spectaculo
424 3068 474 3128 jam
497 3065 656 3114 continentur
701 3082 765 3114 cum.
778 3068 824 3114 En.

141 3149 285 3216 spectaculis
295 3146 656 3212 omnt'sgeneris.b1alimetre·
738 3160 778 3191 ss.
793 3145 869 3193 Modo
879 3145 1020 3193 uulneribus
1035 3157 1117 3204 tenus,
1138 3150 1211 3198 mode

142 3229 223 3294 liquos
244 3227 290 3275 oeva'
308 3225 403 3283 omnis,
419 3242 453 3274 sc.
473 3240 555 3288 reges,
575 3222 614 3272 vel
627 3224 656 3271 si·
698 3222 751 3270 sine
770 3223 895 3280 missione,
911 3224 943 3271 ita
959 3235 986 3272 ut
1004 3224 1150 3288 gladiatores
1169 3244 1213 3294 pu·

141 3309 200 3358 mila
215 3306 291 3372 quid:
310 3306 359 3353 nisi
375 3304 445 3368 plura
462 3302 654 3362 interciderunt,
699 3313 814 3366 guarent,
829 3302 904 3350 modu
918 3301 1003 3351 'donec
1016 3304 1211 3363 vulnerarentur,

141 3387 173 3436 ad
193 3401 309 3452 pompam
329 3385 441 3448 inprimis
458 3382 576 3446 insignem
596 3397 652 3446 spe·
697 3380 864 3429 mododoueo
873 3381 1208 3442 occideremus-sunto,

140 3467 245 3523 etantia,
262 3479 336 3528 quam
353 3459 473 3526 Polybius
492 3463 593 3525 copiose
611 3460 653 3507 de·
697 3459 733 3508 ait
746 3460 891 3517 cussanus,
912 3473 965 3508 erat
981 3463 1058 3524 gratia
1081 3464 1209 3512 damandi

140 3545 235 3595 scribit.
246 3570 281 3581 -
290 3543 407 3607 Doeriug.
418 3541 556 3606 suspicatus
569 3555 654 3587 vocem
697 3554 819 3603 pugnam,
840 3555 896 3603 qun
911 3539 1016 3588 dabatur
1033 3541 1164 3605 aliquando
1178 3542 1210 3587 ri·

140 3622 363 3689 aliquanapostsui
371 3621 446 3670 neoris
455 3620 588 3676 excidisse,
599 3636 622 3668 v.
632 3635 653 3666 c.
698 3618 745 3665 ctis
758 3617 942 3682 gladiatoribus.
963 3621 1045 3682 Quum
1062 3630 1141 3667 antem
1158 3619 1211 3682 pla·

139 3699 655 3766 seiedmtionem,etsieprorsuaomuiaesse
701 3709 782 3756 umet,
800 3708 829 3746 ut
846 3714 954 3761 conque
966 3708 1115 3762 pugnaretur
1131 3697 1211 3745 donec

141 3778 342 3847 plsuaaffirmat:
356 3777 658 3841 cetetrationtmretiquo-
702 3776 819 3825 altemter
835 3776 1004 3831 enunieret,
1021 3775 1146 3823 dicebatur
1164 3792 1212 3839 pu·

141 3875 196 3908 rens
212 3857 439 3925 (spectaculorum)
456 3859 496 3907 sui
513 3856 585 3905 moris
600 3857 659 3904 vicit
703 3856 941 3920 gnasinensissione.
955 3856 999 3901 liu.

255 3949 339 4015 VII.
1026 3937 1069 4032 37
