2722 5040
484 468 487 473 .
977 464 981 471 ⁴
1281 478 1285 487 Ι

443 518 448 535 t
487 532 494 549 ἱ
523 508 525 513 “

662 608 671 626 c

158 855 283 956 tta:
310 877 395 944 Lm
419 875 611 946 xxxvrn.
637 876 732 944 car.
757 876 895 945 xrvn.
920 881 1076 950 xnvm.
1128 887 1199 982 289

131 1025 148 1058 ι(
162 997 252 1066 meis
267 997 344 1093 ipse
362 994 509 1094 legatis⁵
529 996 621 1068 dico.
641 996 785 1095 Duplex
803 1023 951 1087 eorum,
973 1018 1015 1073 ut
1035 1006 1198 1078 animad-

130 1134 148 1169 ι(
162 1107 336 1192 vertistis,
353 1109 473 1177 Patres
490 1108 701 1206 conscripti,
720 1111 898 1180 accusatio
915 1108 1000 1181 luit:
1013 1138 1116 1203 nam,
1129 1142 1198 1188 nec

131 1216 363 1313 «gerendum
377 1216 466 1286 mihi
482 1215 591 1288 luisse
606 1215 743 1309 bellurn
759 1241 841 1288 curn
858 1218 989 1308 Gallis,
1008 1238 1043 1293 et
1057 1240 1197 1321 gestum

132 1341 298 1399 «temere
327 1340 436 1423 atque
467 1325 738 1424 imprudenter,
772 1326 952 1399 dixerunt.
985 1335 1065 1402 Non
1098 1350 1200 1407 erant

132 1469 148 1501 α
163 1438 254 1509 Galli
270 1436 406 1524 hostes,
424 1435 487 1507 sed
502 1450 543 1507 tu
559 1461 621 1507 eos
636 1450 799 1534 pacatos,
816 1439 990 1535 imperata
1007 1438 1198 1529 facientes,

131 1549 313 1619 «violasti.
333 1551 417 1618 Non
434 1570 514 1616 sum
531 1545 778 1643 postulaturus
795 1571 815 1616 a
831 1545 952 1633 vobis,
976 1551 1096 1621 Patres
1110 1576 1198 1623 con·

131 1659 307 1755 «scripti,
331 1670 392 1741 ut,
418 1679 498 1753 quae
521 1655 759 1725 communiter
781 1653 826 1725 de
845 1657 1066 1730 immanitate
1082 1664 1199 1758 gentis

130 1765 370 1856 «Gallorum,
390 1764 435 1837 de
454 1762 684 1835 infestissimo
704 1763 789 1835 odio
805 1765 841 1833 in
857 1790 992 1837 nomen
1007 1793 1198 1842 romanum

130 1906 147 1940 α
161 1877 275 1962 scitis,
293 1899 335 1946 ea
353 1874 398 1944 de
416 1874 484 1944 illis
502 1897 671 1970 quoque,
690 1874 754 1970 qui
776 1874 892 1945 Asiam
911 1876 1101 1967 incolunt,
1127 1884 1199 1953 exi·

132 2015 148 2048 α
162 1986 312 2057 stimetis
333 1984 453 2055 Gallis.
467 1988 625 2054 'Remota
643 1985 817 2054 universae
839 1987 956 2081 gentis
977 1985 1124 2060 infamia
1143 2008 1198 2064 at-

131 2126 148 2157 «
161 2120 235 2193 que
254 2095 406 2181 invidia,
421 2119 487 2192 per
506 2119 544 2165 se
562 2095 660 2191 ipsos
675 2095 856 2165 aestimate.
877 2096 1023 2166 Utinam
1044 2123 1107 2170 rex
1124 2105 1197 2171 Eu·

131 2235 148 2270 a
162 2230 304 2292 menes,
316 2206 453 2276 utinam
465 2205 554 2275 Asiae
564 2205 723 2276 civitates
737 2229 864 2275 omnes
873 2203 1054 2294 adessent,
1068 2223 1104 2279 et
1117 2209 1198 2282 illos
1255 2277 1260 2293 ,

131 2318 283 2415 «potius
298 2330 511 2413 querentes,
530 2339 640 2412 quam
654 2339 713 2384 me
726 2330 952 2386 accusantem
960 2312 989 2404 ⁶,
1004 2318 1195 2392 audiretis!

131 2456 148 2491 r
162 2427 313 2513 Mittite,
332 2425 506 2523 agedum,
530 2424 665 2522 legatos
694 2426 786 2496 circa
811 2451 937 2497 omnes
952 2418 1047 2498 ⁴rlsiae
1066 2429 1194 2520 urbes,

131 2568 148 2601 «
161 2551 197 2608 et
213 2539 383 2634 quaerite,
401 2551 481 2607 utra
502 2537 658 2633 graviori
676 2536 881 2621 servituter,
901 2539 1081 2611 Antiocho
1102 2542 1196 2614 ultra

131 2650 266 2719 «Tauri
282 2649 367 2746 juga
384 2660 525 2733 emoto,
543 2670 588 2716 an
607 2644 717 2717 Gallis
738 2644 915 2735 subactis,
939 2646 1082 2719 liberati
1100 2651 1196 2721 sint?

130 2789 146 2822 α
161 2761 313 2850 Quoties
332 2758 407 2855 agri
423 2780 549 2827 eorum
570 2757 695 2827 vastati
711 2757 797 2843 sint,
815 2758 958 2852 quoties
980 2758 1108 2856 praedm
1128 2759 1192 2832 ab·

130 2899 147 2932 r
161 2883 265 2955 actae,
284 2867 462 2954 referant3
480 2891 594 2963 quum
618 2867 676 2937 vix
693 2864 893 2937 redimendi
910 2869 1070 2965 captivos
1089 2872 1193 2968 copia

129 3010 146 3042 r
161 2993 274 3065 esset,
304 2993 339 3049 et
360 2991 531 3047 mactatas
554 2975 730 3047 humanas
757 2975 891 3047 hostias
913 2979 1192 3077 immolatosque

129 3086 294 3158 «liberos
314 3111 398 3157 suos
416 3085 591 3158 audirent.
615 3085 863 3183 Stipendium,
887 3088 1033 3173 scitote,
1052 3114 1190 3187 pepen-

126 3197 249 3269 «disse
273 3199 389 3269 socios
414 3211 553 3269 vestros
579 3195 712 3283 Gallis,
734 3210 769 3266 et
790 3220 910 3284 nunc,
933 3196 1103 3267 liberatos
1125 3223 1190 3294 per

125 3339 142 3373 u
156 3333 220 3379 vos
245 3310 345 3407 regio
368 3309 541 3406 imperio,
567 3305 674 3377 luisse
696 3330 897 3404 pensuros,
924 3306 952 3375 si
976 3331 996 3374 a
1017 3331 1075 3376 me
1096 3305 1189 3379 foret

125 3434 345 3491 «cessatum.

173 3534 329 3601 XLVIII.
346 3559 362 3596 α
375 3533 458 3620 Quo
472 3528 614 3624 longius
625 3525 823 3596 Antiochus
835 3538 978 3595 emotus
992 3540 1101 3611 esset,
1117 3526 1188 3599 hoc

124 3641 391 3736 «impotentius
407 3641 445 3708 in
464 3638 543 3709 Asia
563 3635 657 3708 Galli
675 3635 949 3707 dominarentur
962 3644 986 3718 Ι;
1006 3648 1062 3720 et,
1079 3637 1186 3730 quid·

159 3891 183 3938 5.
203 3888 378 3937 Accusandbus
391 3886 449 3934 mer's
463 3885 513 3948 ipsc
525 3883 627 3948 legatis,
674 3882 764 3929 malum
782 3879 884 3944 vagiens
900 3895 965 3942 puer
983 3891 1039 3927 utra
1058 3883 1186 3947 uoluptate

122 3968 175 4017 scil.
186 3970 267 4033 qrsr'us.
673 3959 830 4025 dijudicabit,
844 3969 937 4013 statne,
949 3975 982 4004 an
1000 3966 1182 4012 moventeflssn.

158 4051 183 4096 6.
195 4050 273 4112 Quam
280 4064 318 4096 me
328 4056 494 4100 accusantem,
504 4059 538 4090 sc.
547 4042 630 4089 imma-
673 4067 708 4075 -
720 4041 844 4087 tractatas
855 4036 974 4083 humanas
986 4036 1090 4097 tostus,
1101 4053 1149 4089 etc.
1160 4045 1183 4093 si

121 4130 220 4176 nitatem
231 4128 356 4178 Gallorum
366 4125 449 4174 Adam
459 4122 631 4180 incolentium
673 4119 721 4166 hoc
731 4132 813 4163 verum
822 4127 871 4173 est,
881 4116 933 4163 sine
942 4114 1019 4163 dnbio
1029 4118 1181 4171 retinuerunt

121 4206 554 4272 [irak-Agedum,utagertgr.
568 4201 629 4270 ἄγι,
674 4216 704 4245 ex
722 4195 838 4259 religione
862 4197 966 4259 antiqua·
992 4196 1089 4258 patriam
1115 4200 1181 4249 Dulr.

121 4289 193 4336 etiam
206 4286 292 4351 plurali
303 4285 422 4348 jungitur.
671 4277 729 4324 coll.
744 4276 804 4323 ces.
817 4275 877 4322 Bell.
893 4276 955 4324 Gall.
968 4276 1015 4328 Vl,
1033 4276 1078 4336 16,
1092 4289 1116 4324 ct
1131 4281 1179 4324 Ta.

157 4384 180 4425 7.
193 4369 254 4412 Utra
263 4363 372 4429 graviori
383 4361 509 4417 servitute,
519 4360 628 4423 plerique
671 4357 712 4404 cit.
727 4357 793 4403 Aun.
810 4356 880 4410 xlv,
898 4356 943 4412 303
957 4353 1007 4399 vid.
1025 4365 1048 4398 et
1067 4356 1131 4417 Lipr.
1148 4357 1179 4402 ad

119 4448 181 4495 MSS
195 4458 220 4495 ct
232 4445 289 4493 edd.
304 4455 362 4492 vett.
378 4454 457 4489 utrum
472 4458 489 4487 a
503 4457 530 4505 g.
546 4456 565 4487 s.
580 4438 628 4486 Sed
670 4436 746 4481 Tacit.
757 4436 839 4482 Germ.
850 4451 875 4494 9.

119 4525 179 4572 illud
195 4524 293 4572 doctius
305 4521 505 4572 ese-steen.
520 4518 550 4566 de
563 4516 628 4564 Fini·
706 4515 765 4562 Car.
787 4513 902 4560 XLVIII.
926 4526 947 4557 1.
970 4511 1127 4574 Impotentt'us
1154 4512 1179 4557 iu
1265 4528 1268 4533 ·

120 4605 179 4662 hm,
191 4605 227 4663 Il,
246 4618 292 4660 10,
306 4616 422 4650 summum
433 4599 495 4648 enim
505 4599 592 4646 bonum
606 4607 630 4643 et
673 4593 734 4640 Asia
746 4592 778 4640 G.
792 4591 816 4639 d.
826 4609 834 4646 ,¹
845 4588 940 4637 vidend
951 4590 1000 4641 ΙΙΙ.
1015 4590 1061 4643 36,
1071 4604 1097 4635 u.
1109 4604 1134 4637 a.

221 4694 300 4760 VII.
998 4697 1037 4764 iq
