2722 5040
163 783 224 888 ill:
235 790 283 901 331:
371 808 453 875 mn.
485 808 556 874 xo.
583 807 679 874 cnr.
707 806 812 871 xxx.
836 806 961 872 xxxt.
1132 806 1203 900 lto

138 929 296 1024 jussum,
314 942 354 1000 ut
371 930 517 1013 viseret,
533 942 666 1024 quanta
685 940 823 1008 essent;
841 920 982 1023 pugna³
998 923 1204 1009 abstineret,

141 1042 388 1139 reciperetque
403 1063 500 1124 sese,
515 1040 545 1107 si
561 1036 718 1107 hostium
735 1035 932 1131 equitatum
948 1049 1138 1104 exeuntem
1151 1036 1203 1103 vi·

142 1147 260 1221 disset.
279 1154 649 1245 Ita,utprmcept11m
668 1161 761 1228 erat,
784 1143 877 1215 lecit.
897 1147 964 1214 Per
978 1144 1054 1216 dies
1069 1146 1205 1241 aliquot

143 1259 230 1331 nibil
250 1259 345 1330 ultra
362 1274 522 1343 motum,
542 1259 652 1353 quam
673 1271 715 1326 ut
734 1255 789 1325 hae
806 1254 885 1325 duae
901 1270 1026 1326 turmae
1044 1254 1205 1327 ostende-

144 1385 288 1453 rentum
308 1369 391 1441 dein
414 1367 737 1450 subducerenturl,
758 1364 824 1436 ubi
847 1368 1026 1463 equitatus
1049 1367 1206 1437 bostium

144 1482 264 1553 castris
277 1480 598 1578 procucurrissent.
613 1482 798 1550 Postremo
818 1477 987 1549 Celtiberi
996 1475 1022 1565 ⁵,
1039 1479 1209 1549 omnibus

146 1591 250 1663 simul
271 1587 434 1688 peditum
454 1590 689 1685 equittunque
705 1589 819 1685 copiis
836 1590 956 1660 castris
970 1591 1121 1687 egressi,
1136 1591 1210 1661 acio

147 1701 277 1772 directa
294 1700 415 1771 medio
434 1698 545 1770 ferme
564 1700 679 1796 spatio
697 1699 791 1769 inter
809 1697 894 1769 bina
912 1716 1025 1770 castra
1045 1701 1211 1771 constite-

148 1826 241 1881 runt.
265 1815 422 1907 Campus
438 1825 514 1880 erat
537 1809 666 1907 planus
677 1809 800 1878 omnis
823 1824 859 1878 et
876 1825 979 1907 aptus
998 1834 1137 1908 pugnas.
1157 1809 1210 1880 Ibi

149 1936 277 1992 stetere
299 1921 446 2017 Hispani
472 1919 613 2007 hostem
635 1932 888 2015 exspectantes.
914 1922 1098 1989 Romanus
1122 1921 1214 1988 intra

151 2031 281 2102 vallum
304 2055 388 2101 suos
407 2029 584 2100 continuit
601 2052 667 2127 per
682 2027 915 2124 quatriduum
933 2029 1165 2115 continuum3
1179 2044 1215 2097 et

152 2140 199 2211 illi
225 2140 355 2211 eodem
374 2141 455 2211 loco
478 2140 590 2211 aciem
610 2139 819 2210 instructam
842 2152 1045 2208 tenuerunt.
1072 2137 1128 2208 Ab
1146 2141 1214 2208 Ro·

153 2252 266 2321 manis
280 2248 367 2318 nihil
382 2265 533 2320 motum.
553 2247 641 2319 Inde
655 2249 822 2344 quievere
840 2248 876 2316 in
894 2249 1015 2318 castris
1029 2246 1215 2329 Celtiberi,

153 2363 238 2457 quia
256 2384 387 2458 pugnae
404 2361 509 2457 copia
532 2384 606 2430 non
629 2359 762 2430 fiebat:
786 2360 925 2457 equites
943 2373 1080 2429 tantum
1095 2360 1134 2427 in
1150 2372 1216 2429 sta·

156 2473 288 2543 tionem
317 2469 615 2568 egrediebantur,
646 2485 688 2540 ut
715 2471 829 2568 parati
852 2484 991 2554 essent,
1013 2467 1150 2566 siquid
1171 2467 1217 2539 ab

145 2580 258 2653 ‘hoste
287 2593 502 2651 moveretur.
529 2583 627 2650 Pone
649 2595 760 2650 castra
786 2580 930 2675 utrique
950 2577 1160 2677 pabulatum
1184 2593 1219 2649 et

158 2692 328 2789 lignatum
347 2690 467 2777 ibant,
490 2690 607 2760 neutri
626 2688 753 2761 alteros
768 2688 1015 2787 impedientes.

203 2804 332 2871 XXXI.
350 2804 484 2870 Praetor
497 2822 687 2881 romanus,
700 2798 765 2869 ubi
779 2802 861 2870 satis
876 2815 932 2870 tot
945 2799 1086 2871 dierum
1100 2799 1222 2894 quieto

159 2909 328 2981 credidit¹
354 2935 455 3008 spem
478 2909 604 2981 laetam
624 2909 737 2996 hosti,
756 2909 845 2981 nihil
864 2936 901 2981 se
924 2914 1081 3010 priorem
1101 2926 1220 2980 motu-

159 3042 257 3102 rum,
272 3023 310 3090 L.
327 3020 478 3091 Acilium
496 3045 578 3091 cum
593 3019 647 3090 ala
664 3021 830 3092 sinistra²
846 3036 882 3092 et
895 3047 956 3092 sex
967 3020 1127 3091 millibus
1141 3045 1224 3118 pro·

160 3129 361 3201 vincialium
384 3130 597 3201 auxiliorum
623 3131 809 3202 circumire
832 3148 992 3202 montem
1010 3131 1134 3227 jubet,
1160 3133 1223 3227 qui

161 3237 205 3309 ab
224 3255 326 3337 tergo
344 3238 507 3310 hostibus
523 3254 618 3327 erat3
633 3240 734 3326 inde,
753 3240 815 3310 ubi
836 3240 1029 3311 clamorem
1048 3239 1224 3319 audisset,

162 3350 351 3421 decurrere
377 3351 419 3422 ad
440 3365 552 3421 castra
577 3375 728 3421 eorum:
749 3365 855 3421 nocte
879 3348 1032 3447 proiecti
1054 3365 1157 3435 sunt,
1181 3373 1226 3417 nc

164 3475 310 3557 possent
328 3462 499 3557 conspici.
518 3461 665 3531 Flaccus
686 3462 766 3531 luce
785 3460 900 3557 prima
918 3464 958 3530 C.
977 3458 1226 3540 Scribonium,

198 3664 222 3712 3.
233 3663 364 3711 sacceam
377 3663 413 3710 ad
428 3663 524 3711 vallum
536 3663 671 3728 jmsnm...
720 3681 752 3713 cx
768 3662 834 3712 Aldu
855 3663 882 3711 in
900 3663 1014 3711 omnibus
1034 3663 1091 3710 edd.
1109 3678 1229 3728 propaga-

162 3760 246 3809 pugna
255 3742 399 3798 abstineret,
410 3753 456 3790 etc.
465 3742 498 3790 ita
507 3741 560 3789 biv.
568 3752 677 3790 constru·
720 3754 782 3801 um,
792 3741 881 3791 delevit
889 3741 1029 3801 Drakenb,
1039 3758 1089 3790 non
1100 3742 1180 3790 locum
1189 3743 1231 3790 ba·

165 3822 254 3870 ctionis
265 3820 386 3869 varianda
396 3837 467 3868 causa
476 3823 547 3868 etiam
555 3821 677 3879 XXXVI,
721 3823 778 3887 bere
792 3838 863 3886 posse
878 3833 942 3869 recte
958 3822 1087 3883 judicans:
1098 3838 1150 3869 non
1165 3822 1229 3871 enim

169 3913 269 3957 x,extr.
280 3899 381 3948 verbum
384 3900 471 3965 jubere
480 3900 585 3965 primurn
595 3897 676 3947 inlini·
720 3902 854 3967 praecessit,
874 3903 999 3949 Romanos
1017 3901 1131 3949 omnibus
1153 3901 1232 3965 copiis

167 3979 230 4036 tiro,
249 3979 338 4027 deinde
350 3985 385 4047 τῷ
397 3990 425 4025 ut
435 3980 560 4040 junxisse,
578 3990 678 4026 mouent
721 3997 754 4028 ex
768 3980 852 4029 castris
865 3995 973 4047 egressos
986 3996 1038 4028 esse
1051 3979 1127 4045 (duas
1139 3991 1231 4029 tanturn

168 4055 233 4106 nuk.
245 4069 270 4105 et
282 4057 355 4106 Drak.
367 4058 439 4106 Conl.
449 4057 481 4106 ad
493 4059 623 4116 XXXIX,
636 4066 677 4115 rt,
723 4061 833 4124 equitum
855 4070 945 4107 turmas
967 4059 1078 4123 quotidie
1097 4058 1233 4107 ostendisse

168 4138 679 4203 n.8.Abstinerereciperequeconj.Gron.
723 4139 806 4189 Livius
829 4137 939 4202 narrat),
955 4151 985 4187 ut
999 4155 1065 4186 nune
1084 4149 1107 4185 et
1124 4137 1234 4186 Celtiberi

205 4223 229 4271 b·
241 4217 439 4272 Ostenderentar,
455 4216 511 4263 dein
520 4216 680 4263 subduceren-
726 4218 809 4267 fecisse
822 4217 942 4265 dicautur.
957 4219 1004 4265 En.

171 4305 226 4351 tnr‚·
244 4296 299 4343 vide
316 4296 346 4343 ad
364 4298 493 4352 XXXVI,
512 4297 555 4353 18,
572 4313 598 4344 n.
616 4297 640 4343 6.
761 4298 822 4347 Car.
839 4299 936 4345 xxx1.
956 4313 977 4346 1.
995 4297 1042 4344 Ubi
1058 4292 1235 4344 satis...cred1-

208 4376 362 4422 §.Postremo
372 4376 484 4423 Celtiberi
490 4393 498 4432 ;
508 4387 564 4423 ante
573 4373 683 4424 Celtiberi
727 4376 778 4423 dit.-
787 4376 839 4424 baec
846 4377 981 4441 jungendam
993 4374 1066 4423 Drak.

173 4452 285 4500 voculam
306 4467 343 4511 et,
365 4470 420 4517 quae
438 4472 451 4500 a
470 4454 592 4520 praecedd.
612 4454 682 4501 editt.
762 4471 787 4504 a.
799 4455 857 4502 Cum
868 4457 910 4503 ala
921 4454 1036 4521 sinistru5
1048 4450 1104 4498 vide
1113 4448 1143 4494 ad
1155 4448 1236 4503 XXV,

174 4537 256 4584 aberat
263 4570 270 4592 ,
277 4539 369 4602 primus
375 4539 502 4588 addiderat
510 4541 596 4587 Aldus.
604 4542 684 4591 blanc,
729 4550 775 4591 αι.
785 4551 810 4581 n·
820 4543 846 4587 b·
