2722 5040
163 832 231 935 lt:
244 835 291 946 3332
436 849 584 926 emm
607 851 685 918 xri.
709 853 813 919 cle
837 853 912 919 xa.
1134 855 1204 950 495

140 978 318 1073 Dissipato
336 997 472 1054 cuneo,
494 974 625 1067 inquo
642 972 759 1040 omnis
780 995 861 1068 spes
882 969 1015 1058 luerat,
1038 973 1206 1047 Celtiberi

141 1085 339 1183 trepidare,
361 1097 418 1170 et,
436 1106 551 1179 prope
575 1083 704 1151 omissa
723 1105 865 1177 pugna,
892 1081 1009 1151 locum
1025 1079 1117 1180 fugae
1137 1088 1207 1156 cir·

142 1196 375 1293 cumspicere.
389 1197 433 1263 Et
449 1191 548 1263 alarii
563 1192 703 1288 equites
711 1186 740 1274 ⁶,
761 1206 951 1287 postquam
974 1216 1208 1265 romanorum

143 1307 305 1402 equitum
324 1320 397 1374 tam
417 1299 650 1372 memorabile
672 1299 810 1372 lacinus
830 1300 969 1390 videre,
985 1318 1021 1372 et
1034 1304 1120 1401 ipsi,
1137 1309 1208 1376 vir-

143 1431 217 1487 tute
230 1439 357 1486 eorum
371 1413 528 1498 accensi,
546 1413 622 1482 sine
640 1411 749 1481 ullius
763 1412 915 1508 imperio
929 1414 967 1480 in
981 1413 1209 1509 perturbatos

142 1527 211 1620 jam
232 1525 355 1596 hostes
374 1548 489 1619 equos
507 1523 716 1591 immittunt.
733 1523 835 1592 Tunc
849 1547 936 1592 vero
952 1523 1121 1594 Celtiberi
1135 1551 1210 1596 om-

145 1660 206 1707 nes
234 1637 272 1706 in
301 1633 423 1733 fugam
453 1631 713 1718 effunduntur,
742 1648 778 1702 et
804 1634 999 1731 imperator
1023 1661 1213 1723 romanus,

144 1769 286 1817 aversos
315 1743 438 1815 hostes
467 1743 752 1841 contemplatus,
778 1744 889 1814 eedem
914 1751 1079 1816 Fortunae
1098 1754 1214 1845 Eque·

145 1857 242 1943 stria
258 1855 413 1951 Jovique
428 1855 577 1951 Optimo
592 1855 750 1924 Maximo
769 1853 876 1924 ludos
894 1857 1001 1926 vovit.
1020 1857 1215 1930 Caeduntur

146 1965 314 2039 Celtiberi
335 1958 401 2063 per
425 1981 543 2036 totum
568 1965 698 2035 saltum
718 1965 878 2061 dissipati
898 1962 991 2060 fuga.
1017 1972 1152 2039 Decem
1179 1986 1215 2040 et

147 2093 282 2174 septem
296 2075 405 2145 millia
417 2074 576 2145 hostium
589 2098 677 2144 caesa
688 2099 732 2144 eo
743 2073 801 2143 die
816 2074 1024 2163 traduntur;
1038 2079 1108 2146 vivi
1121 2083 1215 2176 capti

147 2183 227 2283 plus
244 2200 401 2282 quatuor
415 2183 545 2270 millia,
564 2181 727 2254 ducentis
742 2185 964 2281 septuaginta
979 2202 1115 2283 septem
1131 2213 1214 2258 cum

147 2297 254 2392 signis
279 2293 513 2381 militaribus,
536 2295 638 2390 equis
660 2318 775 2391 prope
799 2293 896 2364 mille
920 2309 1076 2365 centnm.
1101 2297 1215 2369 Nullis

148 2407 269 2477 castris
290 2431 334 2476 eo
355 2403 413 2475 die
438 2406 552 2474 victor
573 2404 752 2474 exercitus
771 2397 938 2474 mansitss.
961 2406 1118 2477 Victoria
1140 2431 1213 2477 non

148 2518 223 2587 sine
247 2517 387 2611 jactura
413 2514 567 2584 militum
593 2512 671 2585 fuit.
702 2512 965 2611 Quadringenti
993 2518 1217 2615 septuaginta

149 2627 222 2698 duo
250 2627 379 2697 milites
400 2626 562 2712 romani,
585 2626 723 2696 socium
748 2648 788 2695 ac
812 2625 910 2695 latini
936 2628 1092 2697 nominis
1119 2629 1217 2699 mille

149 2737 273 2810 decem
291 2752 327 2808 et
346 2760 495 2821 novem,
516 2760 598 2806 cum
614 2736 670 2806 his
688 2736 756 2805 tria
777 2735 886 2806 millia
904 2736 1059 2807 militum
1073 2738 1218 2810 auxilia-

148 2849 285 2918 riorum
300 2847 494 2944 perierunt.
509 2851 562 2916 lta
573 2847 687 2916 victor
700 2847 897 2934 exercitus,
912 2864 1081 2918 renovata
1096 2850 1216 2946 priore

149 2957 282 3052 gloria,
310 2960 546 3026 Tarraconem
577 2972 631 3027 est
662 2954 868 3054 perductus.
897 2959 1064 3029 Venienti
1090 2960 1217 3031 Fulvio
1289 2960 1297 2971 ’

150 3069 201 3138 Ti.
225 3067 458 3164 Sempronius
476 3082 626 3163 praetor,
645 3068 710 3164 qui
728 3065 843 3136 biduo
864 3083 946 3137 ante
966 3085 1131 3156 venerat,
1154 3070 1218 3141 ob·

151 3179 243 3248 viam
261 3177 452 3275 processit,
470 3176 739 3274 gratulatusque
754 3192 824 3264 est,
843 3175 944 3273 quod
957 3176 1217 3274 rempublicam

152 3289 291 3386 egregie
317 3288 481 3383 gessisset
491 3299 516 3356 9.
542 3292 633 3359 Cum
651 3312 790 3358 summa
814 3287 1026 3373 concordia,
1048 3313 1141 3384 quos
1162 3291 1218 3361 di·

152 3399 352 3484 mitterent,
371 3423 539 3494 quosque
554 3399 750 3468 retinerent
764 3397 910 3483 milites,
926 3417 1217 3495 composuerunt.

152 3508 241 3578 lnde
262 3507 423 3593 Fulvius,
444 3510 680 3578 exauctoratis
700 3505 874 3576 militibus
894 3508 931 3575 in
952 3531 1059 3577 naves
1076 3510 1232 3606 imposiv

154 3735 177 3770 et
187 3726 263 3782 vul,
277 3723 601 3787 80.-1nfraetis,fractis,
615 3725 663 3772 dil·
710 3722 781 3769 tiberi
798 3739 828 3769 ex
843 3723 938 3770 insidiis
953 3724 978 3770 iu
991 3725 1052 3771 saltu
1066 3725 1222 3774 invaserunt:

155 3801 452 3860 snom,omntbuslastis
465 3804 574 3864 equitum
587 3819 664 3861 rom,
709 3801 775 3848 unde
788 3817 839 3848 non
855 3802 937 3864 potuit
950 3803 975 3848 in
994 3820 1035 3849 sua
1052 3815 1128 3850 castra
1146 3821 1223 3868 regre-

154 3897 209 3929 cum
220 3881 291 3929 hoste
302 3897 499 3944 congressorum3
512 3882 587 3929 Dreli.
709 3880 750 3938 di,
764 3897 834 3942 qnae,
847 3882 867 3927 ei
879 3881 990 3943 proxima
1001 3894 1074 3929 nocte
1088 3900 1114 3930 ea
1129 3887 1223 3933 munie-

190 3960 214 4007 6.
223 3962 265 4009 Al.
276 3959 383 4023 equites,·
394 3959 446 4008 vid.
456 3962 538 4019 XXV,
549 3977 591 4019 αι,
602 3978 626 4008 n.
638 3970 662 4017 4.
709 3971 776 4018 rent,
787 3960 843 4006 inde
856 3972 981 4008 moventes
995 3961 1133 4019 dimersum
1143 3981 1223 4028 neque

191 4055 214 4098 7.
228 4039 316 4086 AEdem
336 4040 450 4085 Fortuna
465 4040 590 4102 Equestri,
607 4056 665 4103 quo-
709 4039 781 4085 etiarn
798 4039 824 4086 in
837 4040 921 4086 castris
934 4039 1041 4087 bostium
1055 4058 1164 4099 manere,
1182 4044 1224 4107 qui

155 4118 219 4164 niam
234 4117 318 4164 virtuli
332 4118 440 4180 equitum
452 4118 582 4164 secundam
596 4119 665 4165 debe·
710 4129 803 4165 tantum
817 4119 888 4165 variis
900 4119 960 4166 locis
972 4120 1058 4167 saltum
1072 4123 1222 4171 Manlianum

156 4196 198 4244 bat
210 4197 343 4244 fortunam.
356 4198 427 4245 Conl'.
440 4199 507 4244 nnn
518 4231 524 4248 .
537 4199 564 4255 3,
580 4214 605 4245 n.
620 4216 649 4244 ιο
660 4233 666 4253 ,
712 4197 955 4255 obsederan13Dralr.

156 4287 181 4323 et
189 4275 219 4322 sd
230 4277 286 4322 Tac.
298 4278 363 4322 Anu.
375 4277 422 4332 lll‚
437 4292 466 4335 7¹
478 4309 485 4331 ‚
497 4292 522 4323 n.
536 4292 566 4333 '13
578 4278 667 4324 Donat.
748 4296 772 4337 9.
792 4278 971 4340 Ilernpublicam
985 4281 1080 4343 egregie
1094 4281 1223 4343 gessisset:

159 4355 220 4402 b'rb.
238 4357 309 4403 Rom.
325 4357 377 4411 111,
398 4371 446 4412 aa;
468 4354 572 4401 Nardin.
595 4357 666 4401 Rom.
713 4355 769 4401 vide
783 4356 812 4401 ad
825 4358 861 4411 11,
878 4358 964 4411 tam.
981 4359 1118 4404 3.-Cum
1129 4374 1223 4404 sumana

158 4435 239 4491 1v‚3.
330 4466 341 4484 .
713 4434 891 4482 concordia.....
907 4445 1105 4499 composuerunae,·
1124 4435 1223 4483 vidend

194 4516 219 4561 8.
233 4514 312 4561 Nullis
321 4513 407 4560 caruis
418 4527 445 4558 eo
458 4511 498 4557 die
509 4511 589 4559 victor
598 4526 668 4558 caer·
714 4514 763 4566 111,
774 4513 821 4568 53,
837 4530 863 4560 n.
878 4531 902 4560 α.
919 4541 953 4548 -
968 4512 1144 4559 exauctoratis
1155 4515 1224 4567 mit:

159 4592 219 4638 ellus
231 4592 335 4649 inaneis,
351 4592 407 4656 quie
419 4590 463 4638 lter
478 4591 606 4638 facientem
615 4591 668 4640 Cel·
713 4606 841 4653 perperam
849 4590 964 4652 calling.
972 4606 1004 4636 ex
1013 4588 1171 4640 authoritate.
1180 4596 1224 4641 llo.
