2722 5040
326 46 427 102 tatis,
453 44 586 111 regem,
618 1 700 113 autc
718 22 892 112 proteri

324 154 403 195 sum
422 129 631 221 dirigerent,
655 133 903 220 ncgctr'cttiouer

325 245 499 305 (uertisse.
522 243 605 308 lam
624 264 669 305 rte
686 264 710 305 a
729 236 853 331 legatis
873 261 910 332 qt

323 354 541 431 sanctiunt,
563 346 747 422 violandis
767 346 915 416 abstinet

322 457 417 528 tibus
436 457 490 532 ad
509 462 549 531 Τ.
567 460 767 550 Quintium.
787 461 918 554 Itaque

322 592 448 641 amnes
466 566 659 640 Thessalos
672 568 869 663 conjectos,
889 581 927 636 ut

238 727 241 731 -
323 700 398 750 aaa
412 683 450 748 in
463 677 715 751 communibus
725 682 842 774 gentis
855 699 934 748 coru

324 787 479 862 audeat:
489 786 627 885 pracui
638 794 735 861 enim
751 786 877 859 abesse
892 783 939 856 ttt

324 919 413 965 nos:
432 894 539 967 lateri
549 897 738 969 adhaerere
752 920 899 992 gratem
916 894 945 966 d

325 1009 380 1075 uti
393 1003 575 1100 beneficiis
591 1005 727 1104 populi
741 1011 894 1076 romani.
920 1007 950 1098 Q

326 1112 414 1185 bera
431 1121 588 1202 nonsit,
609 1115 759 1189 liberum
780 1117 884 1188 esse?
905 1119 957 1189 Νι

322 1223 415 1297 sidio
431 1223 629 1320 legatorum
647 1232 877 1322 ingemiscere
897 1250 965 1322 ma

317 1333 539 1431 provideant
556 1335 700 1434 aliquid
704 1339 718 1386 ⁴
736 1342 912 1425 Romani,
932 1361 967 1435 qt

325 1450 426 1514 aiam
444 1444 684 1518 accolentibus
702 1463 833 1535 metus,
852 1464 967 1521 aaut

325 1571 399 1639 tur,
420 1555 667 1654 nequidquam
682 1573 719 1628 et
730 1557 831 1628 ilium
845 1564 967 1629 victua

328 1671 375 1737 Ut
394 1691 529 1764 equum
551 1684 732 1756 tenacem,
752 1694 825 1740 aaa
836 1683 967 1765 parent

326 1776 392 1848 bus
416 1777 667 1878 castigandum
692 1803 778 1850 esse.
800 1783 882 1850 Haec
905 1800 968 1849 ace

323 1887 463 1984 priores
482 1888 612 1960 leniter
627 1889 902 1987 permulsissent
916 1887 967 1959 ira

325 2003 521 2092 ignosceret
535 2024 609 2095 pro
635 1998 797 2070 libertate
818 1997 967 2097 laqueat

326 2107 467 2177 damini
481 2108 694 2196 acerbitate,
710 2122 941 2193 assuesceret,
954 2130 967 2176 t

324 2239 402 2286 sese
410 2233 609 2312 praestem,
630 2234 665 2289 et
685 2222 885 2289 imitaretur
892 2240 967 2315 pop

325 2331 495 2410 caritate,
521 2352 633 2404 auam
657 2345 749 2376 Μ’
843 2327 865 2336 ”
