2722 5040
168 716 304 833 litt
393 738 543 805 Lissa
576 739 650 803 xi..
679 737 783 803 clu.
812 717 963 804 van.
1133 735 1204 835 509

141 871 218 924 tum
234 857 422 952 separatim
442 881 504 927 eos
522 853 567 927 ab
582 855 650 927 illis
664 881 700 927 se
722 855 959 928 consulturos.
975 861 1204 932 Permittente

142 965 331 1052 Gracch0‚
356 967 496 1054 ierunt,
515 982 653 1065 etpost
671 969 791 1064 paucis
807 965 959 1038 diebusl
978 968 1066 1040 alios
1081 969 1204 1042 decem

143 1073 277 1169 legatos
297 1100 416 1146 secum
440 1074 677 1148 adduxerunt.
698 1076 934 1148 Meridianum
960 1093 1102 1177 tempus
1121 1097 1205 1152 erat.

143 1184 239 1255 Nihil
257 1189 357 1283 prius
375 1189 557 1285 petierunt
577 1213 597 1256 a
616 1201 783 1284 prtetore,
800 1213 909 1284 quam
929 1202 970 1258 ut
991 1187 1118 1260 bibere
1136 1188 1204 1262 sibi

139 1293 285 1387 juberet
304 1297 389 1367 dari.
411 1299 535 1394 Epatis
557 1299 681 1395 primis
700 1297 857 1394 poculis,
878 1299 1007 1369 iterum
1027 1323 1204 1396 poposce-

142 1420 247 1491 runt3
268 1429 400 1504 magno
423 1409 496 1476 risu
518 1409 825 1478 circumstantium
844 1410 881 1477 in
904 1424 976 1479 tam
999 1407 1149 1481 rudibus
1169 1427 1206 1482 et

143 1515 253 1583 moris
277 1518 396 1585 omnis
421 1517 553 1614 ignaris
577 1518 739 1612 ingeniis.
760 1520 852 1587 Tum
867 1521 1043 1590 maximus
1058 1535 1146 1590 natu
1159 1546 1206 1593 ex

143 1624 205 1708 iis,
220 1627 349 1698 «Missi
367 1650 509 1709 sumus,
529 1627 668 1722 inquit,
684 1651 704 1696 a
722 1642 827 1722 gente
844 1644 985 1713 nostra,
1003 1632 1065 1727 qui
1086 1632 1205 1704 scisci·

141 1761 157 1794 α
174 1748 340 1816 terremur,
350 1759 422 1831 qua
436 1735 578 1806 tandem
594 1762 633 1806 re
650 1733 762 1807 frctus
776 1761 873 1806 arma
886 1735 993 1808 nobis
1008 1737 1177 1814 inferres?
1190 1773 1207 1808 s

145 1843 197 1913 ad
210 1843 304 1915 hanc
317 1849 648 1943 percunctationem
664 1845 863 1933 Gracchus,
873 1851 1047 1919 Exercitu
1059 1876 1099 1920 se
1112 1876 1206 1948 egre-

138 1960 200 2048 gio
210 1956 391 2051 fidentem
414 1964 570 2044 venisse,
593 1955 797 2054 respondit;
817 1981 925 2053 quem
946 1963 979 2026 si
1003 1964 1074 2055 ipsi
1089 1967 1207 2032 visere

141 2065 268 2153 velim,
283 2092 356 2165 quo
371 2075 521 2139 certiora
533 2068 587 2138 ad
600 2092 683 2138 suos
696 2068 869 2157 afirmat,
879 2081 1093 2163 potestatam
1106 2094 1143 2139 se
1154 2076 1205 2140 ers

129 2177 321 2265 factarum
338 2203 435 2249 esse:
459 2178 686 2276 tribunisque
704 2177 853 2248 militum
872 2179 1044 2274 imperat,
1064 2177 1126 2248 ut⁵
1144 2206 1205 2250 or-

143 2288 219 2355 nari
235 2311 362 2356 omnes
378 2291 498 2386 copias
512 2289 675 2386 peditum
687 2289 940 2385 equitumque,
960 2303 997 2358 et
1011 2287 1204 2362 decurrere

140 2396 293 2490 jubeant
308 2415 468 2470 armatas.
483 2399 539 2470 Ab
553 2399 623 2470 hoc
640 2398 844 2496 spectaculo
859 2398 964 2496 legati
977 2401 1074 2469 missi
1089 2399 1204 2472 deter-

143 2524 295 2579 ruerunt
324 2532 409 2581 suos
434 2508 480 2580 ab
509 2510 642 2580 auxilio
671 2512 909 2581 circumsessa
934 2508 1017 2580 urbi
1042 2507 1204 2585 ferendo.

142 2619 341 2714 Oppidani,
363 2644 476 2717 quum
507 2623 607 2717 ignes
634 2634 740 2690 nocte
773 2619 932 2690 turribus
956 2620 1204 2718 nequidquam

142 2729 265 2826 (quod
284 2733 425 2827 signum
449 2732 686 2827 convenerat)
711 2730 954 2817 sustulissent,
974 2729 1133 2809 destituti
1159 2731 1204 2802 ab

144 2843 248 2911 unica
265 2866 329 2937 spe
345 2841 482 2926 auxilii,
498 2844 535 2911 in
552 2841 772 2913 deditionem
787 2858 976 2914 venerunt.
994 2838 1202 2913 Sestertium

142 3068 196 3115 pag.
215 3069 281 3107 sao,
295 3069 390 3099 sensum
411 3051 516 3116 flagitare
535 3071 605 3110 suos,
622 3065 650 3101 ut
693 3064 783 3101 nostrae
795 3065 879 3108 notos,
890 3052 1002 3106 voLVI,
1015 3066 1070 3114 pag.
1085 3065 1144 3097 ιιι.
1155 3051 1202 3099 Eo.

142 3131 230 3194 legitur
239 3132 300 3179 Caes.
310 3131 369 3178 Bell.
380 3131 442 3181 Gall.
453 3133 490 3180 tv
492 3168 498 3189 ,
508 3149 539 3195 9,
551 3143 576 3180 et
591 3148 651 3179 con·
730 3142 754 3188 t.
764 3135 823 3179 Post
834 3131 922 3195 paucis
934 3129 1034 3186 diebus,·
1048 3128 1102 3175 vide
1117 3129 1149 3175 ad
1165 3131 1205 3190 11,

139 3212 199 3270 jecit
215 3210 295 3259 editor
310 3211 421 3274 Gotting.
435 3229 475 3260 eos
490 3229 547 3260 vero
559 3212 650 3260 dictum
696 3213 743 3267 31,
756 3228 782 3257 n.
794 3227 818 3257 2.
830 3211 955 3271 -Quam
968 3218 996 3254 ut
1007 3207 1086 3254 bibon
1103 3207 1150 3254 sibi
1162 3208 1205 3272 ju-

141 3308 194 3338 esse
213 3308 227 3337 e
248 3307 350 3354 persona
366 3292 500 3355 scn'ptoris.
521 3293 560 3339 Sic
578 3307 650 3354 supra
696 3291 761 3336 beret
772 3289 830 3335 dari
839 3323 847 3345 ,
863 3304 923 3352 pro,
943 3299 970 3334 ut
980 3297 1066 3350 potum
1080 3287 1126 3333 sibi
1137 3287 1205 3347 juhe-

142 3372 217 3427 m,
230 3371 277 3431 59,
287 3371 395 3418 rreuienti
406 3370 431 3417 in
444 3371 542 3435 Ligures
556 3370 651 3417 Hauni-
695 3379 731 3415 ret
744 3366 808 3425 dart,
821 3366 1202 3422 videadxxxvl1‚3s‚n.s;

143 3447 194 3495 boli
205 3464 254 3513 per
265 3449 367 3496 iusidias
385 3449 511 3512 interrepti
522 3448 571 3495 duo
585 3464 651 3511 quee-
695 3457 720 3493 et
739 3444 856 3493 Hadrian.
879 3444 978 3495 cardin.
998 3443 1028 3490 de
1048 3447 1126 3492 Seno.
1148 3446 1201 3494 ht.

141 3540 216 3576 stores
227 3520 329 3577 'romani
340 3530 365 3576 C.
382 3527 477 3575 Fulvius
488 3539 513 3577 et
524 3529 551 3574 L.
563 3529 651 3573 Lucre·
695 3541 720 3589 p.
740 3539 795 3586 ¹²9·
807 3526 852 3570 Eo.

142 3607 200 3663 tisis,
221 3625 268 3672 quo
287 3609 364 3673 magis
379 3619 460 3653 ratam
469 3605 530 3671 fhre
543 3621 598 3651 cum
612 3604 650 3652 liis
730 3604 754 3650 5.
776 3603 934 3665 Tribunisque
958 3602 1061 3649 militum
1084 3601 1201 3665 imperat,

138 3703 225 3749 pacem
245 3686 431 3750 societatemque
450 3685 572 3740 crederet,
599 3695 650 3731 tra·
694 3695 735 3739 ut,
755 3684 845 3730 esc.tsa
858 3682 977 3738 Froben„
992 3692 1052 3728 teste
1068 3680 1204 3740 Drakenh„

142 3765 239 3814 drsatsm
260 3767 318 3814 Cum
337 3764 395 3812 leis?
400 3798 459 3812 .....
475 3781 505 3810 uu
524 3763 609 3810 Fulvio
626 3773 649 3810 et
693 3762 828 3827 publicavit
843 3777 909 3809 suno
923 3762 997 3808 1535.
1012 3761 1107 3808 Priores
1121 3762 1205 3825 praelo·

142 3847 272 3893 Lucretio?
292 3849 370 3893 Immo
394 3860 450 3891 cum
468 3843 611 3907 Liguribus,
625 3852 650 3890 et
693 3853 751 3890 runt
762 3840 959 3904 tribunoque,ut
969 3855 1028 3887 mox
1037 3840 1094 3887 daut
1100 3840 1201 3904 jubeat,

141 3925 298 3987 exspectabas
308 3925 390 3988 potius
403 3923 448 3970 sliu
461 3922 590 3970 verborum
598 3921 649 3967 col·
693 3920 843 3984 quodetiam
854 3918 927 3967 Frob.
938 3920 963 3966 iu
971 3919 1079 3983 jubeant
1090 3920 1201 3967 mutavit.

141 4004 263 4051 locatione
280 4019 374 4057 secum.
397 4012 439 4049 sut
457 4018 511 4049 cum
532 4000 596 4064 ipsis.
616 4002 651 4046 At
694 4002 783 4046 Eo.—
799 3998 890 4045 Orrsari
902 4013 983 4045 omnes
996 3998 1202 4061 copias...etde·

142 4082 205 4130 dixit
218 4082 255 4130 itis
272 4101 285 4130 e
299 4099 340 4130 sus
356 4098 459 4148 persons
472 4082 584 4144 scriptor.
601 4079 651 4125 lile·
694 4093 804 4134 currem
822 4077 878 4124 vide
895 4077 926 4125 ad
944 4079 997 4137 tx,
1012 4087 1060 4134 40,
1075 4094 1098 4123 n.
1121 4092 1165 4132 12,
1179 4087 1204 4123 et

142 4162 265 4208 morabilis
277 4162 388 4225 inprimis
402 4161 470 4207 locus
480 4159 585 4214 xxxl,
603 4172 651 4210 ιι,
695 4157 896 4214 xx111‚35‚n.
911 4159 936 4206 3.
953 4183 988 4193 -
1002 4157 1042 4203 Ab
1054 4155 1099 4203 doe
1110 4165 1205 4217 specta·

141 4250 242 4304 propter
253 4239 375 4303 duplicem
384 4240 483 4286 mixtam
490 4234 651 4284 constructio·
695 4236 749 4283 culo
760 4235 831 4301 (vide
839 4236 870 4284 sd
880 4239 906 4294 I,
922 4253 948 4295 ι,
961 4252 984 4283 n.
999 4235 1031 4296 5)
1042 4233 1117 4297 legati
1127 4232 1202 4287 musi,

141 4335 197 4366 nem
205 4353 211 4375 ‚
216 4320 327 4383 jussique
331 4316 553 4382 polliceri(legati)
562 4315 584 4361 si
592 4313 655 4377 qaid
696 4316 758 4363 forte
777 4315 869 4364 dimissi
876 4351 884 4372 ,
904 4327 928 4365 ot
948 4331 1005 4363 mox
1024 4323 1094 4359 nocte
1107 4327 1120 4356 e
1133 4311 1205 4357 turri·

141 4397 166 4444 ei
173 4398 362 4465 adfirmandum
374 4413 472 4463 reguum
485 4412 544 4459 opus
557 4410 607 4441 osse
618 4395 652 4442 iu·
695 4393 776 4443 bus...
790 4395 938 4442 sustulissent
946 4395 955 4458 (
964 4405 991 4440 ut
1001 4390 1064 4454 spud
1075 4390 1125 4437 Cic.
1133 4390 1203 4436 Verr.

142 4476 254 4524 dicasset.
262 4476 326 4525 Vide
333 4476 364 4524 sd
372 4475 437 4523 hunc
446 4476 527 4523 locum
537 4473 651 4522 editionis
696 4475 726 4529 V,
738 4473 789 4535 35)
800 4486 808 4530 ;
820 4473 885 4519 Dui.
