2722 5040
190 823 236 905 84
615 817 655 886 Τ.
689 822 830 892 Ltvtl
1105 805 1230 911 ῧζὲςζξξζ

188 944 310 1014 buere.
330 936 414 1011 Plus
436 939 511 1024 ira,
532 961 641 1034 quam
660 940 927 1032 misericordia,
944 945 982 1014 in
999 968 1108 1019 causa
1125 973 1253 1020 eorum

190 1050 350 1137 valebat3
369 1048 453 1146 quia
465 1071 542 1118 non
555 1062 596 1119 ut
610 1046 774 1122 hostibus
785 1051 915 1142 modo,
933 1051 997 1125 scd
1012 1069 1185 1155 tanquam
1199 1061 1251 1130 in·

190 1163 335 1236 domitae
350 1173 386 1230 et
400 1156 600 1229 insociabili
609 1161 735 1257 genti,
750 1161 1021 1236 succensebant.
1037 1171 1104 1238 Per
1116 1167 1256 1266 aliquot

191 1277 267 1348 dies
281 1294 394 1370 quum
412 1283 587 1341 certatum
606 1284 718 1355 esset,
738 1286 922 1370 postremo
943 1299 1064 1372 neque
1082 1275 1178 1366 dari,
1196 1303 1255 1350 ne·

189 1410 262 1484 que
286 1381 409 1480 negari
432 1401 556 1477 pacem
582 1379 727 1477 placuit.
752 1386 840 1452 Duae
861 1381 1088 1456 conditiones
1105 1387 1157 1456 eis
1174 1386 1253 1460 latae

190 1490 322 1569 sunt³t
344 1490 401 1562 vel
419 1489 559 1562 senatui
576 1488 730 1561 liberum
749 1490 938 1563 arbitrium
959 1491 1004 1564 de
1020 1517 1058 1565 se
1071 1497 1254 1594 permitte·

188 1618 291 1691 rent;
313 1600 370 1673 vel
394 1598 492 1672 mille
516 1599 691 1670 talentum
710 1598 859 1691 darent,
880 1603 1101 1701 eosdemque
1120 1607 1253 1679 amicos

188 1733 296 1814 atque
308 1711 471 1789 inimicos
480 1708 668 1782 haberent.
685 1712 896 1810 Exprimere
908 1715 1155 1812 cupientibus,
1167 1743 1253 1814 qua·

187 1850 267 1898 rum
280 1845 403 1895 rerum
417 1821 455 1891 in
469 1843 507 1889 sc
519 1818 707 1891 arbitrium
722 1823 863 1894 senatui
877 1825 1146 1920 permitterent,
1161 1826 1252 1898 nihil

187 1934 276 2007 certi
301 1952 516 2029 responsum
539 1943 602 2000 est.
630 1934 683 2001 lta
706 1929 837 2003 inlecta
860 1957 950 2031 pace
971 1934 1127 2033 dimissi„
1150 1936 1252 2010 Urbe

186 2042 314 2115 eodem
333 2040 391 2118 die
402 2094 412 2127 ,
425 2039 526 2110 ltalia
539 2040 632 2111 intra
645 2040 851 2138 quindecim
870 2043 946 2115 dies
964 2046 1138 2118 excedere
1149 2048 1249 2143 jussi.

186 2160 278 2225 Tum
302 2153 348 2225 de
372 2151 564 2225 consulum
581 2152 777 2248 provinciis
794 2168 956 2251 coeptum
975 2169 1029 2225 est
1046 2157 1112 2254 agi.
1132 2156 1251 2229 Ambo

186 2267 359 2338 Graeciam
375 2259 581 2361 cupiebant.
597 2260 753 2333 Multum
766 2262 895 2334 Laelius
909 2264 947 2335 in
959 2280 1087 2336 senatu
1096 2283 1248 2364 poterat.

187 2383 241 2465 ts,
262 2399 376 2472 quum
397 2386 541 2443 senatus
556 2386 618 2442 aut
634 2372 774 2459 sortiri,
793 2387 855 2444 aut
870 2397 1078 2472 comparare
1099 2377 1195 2449 inter
1214 2403 1251 2450 se

187 2484 410 2583 provincias⁴
421 2480 766 2575 cousulesjussisset,
777 2481 975 2579 elegantius
983 2484 1141 2557 tacturos
1150 2485 1250 2576 dixit,

187 2597 215 2664 si
224 2593 361 2689 judicio
373 2595 535 2677 Patrum,
546 2592 693 2687 quamsi
704 2593 804 2677 sorti,
815 2617 893 2664 eam
904 2619 981 2665 rem
994 2598 1249 2693 permisissent.

186 2704 326 2800 Scipio,
345 2722 520 2798 responso
539 2698 582 2769 ad
600 2699 671 2771 hoc
687 2699 793 2788 dato,
811 2710 1068 2800 cogitaturum,
1083 2707 1177 2804 quid
1183 2709 1253 2780 sibi

174 2812 393 2903 jaciendum
409 2826 516 2896 esset,
534 2834 616 2881 cum
635 2809 744 2884 tratre
763 2839 838 2886 uno
856 2817 1046 2914 loquutus,
1061 2821 1251 2916 jussusque

186 2924 231 3009 ab
250 2949 294 2994 eo
310 2925 517 3021 permittere
534 2924 704 2995 audacter
715 2928 873 3013 senatui,
886 2929 1070 3000 renuntiat
1083 2929 1249 3029 collegae,

174 3037 366 3124 factuqum
384 3058 440 3119 se,
460 3033 608 3129 quodis
630 3051 796 3105 censeret.
815 3038 938 3125 Quum
955 3061 1032 3124 res,
1053 3053 1116 3108 aut
1137 3065 1249 3126 nova,

185 3158 248 3215 sut
266 3156 442 3214 vetustate
463 3141 713 3240 exemplorum
730 3148 912 3216 memoriae
928 3146 1002 3242 jam
1018 3149 1181 3237 exoletae,
1198 3175 1250 3222 re-

185 3255 256 3325 lata
291 3253 558 3351 exspectatione
595 3255 800 3326 certaminis
837 3253 1026 3328 senatum⁵
1057 3260 1249 3343 erexissem

186 3371 221 3435 P.
236 3364 356 3462 Scipio
368 3361 555 3434 Africanus
572 3361 682 3450 dixit,
700 3367 741 3434 Si
752 3370 791 3436 L.
802 3368 1250 3468 chriont'fratrisuopru·

188 3481 340 3545 vinciam
364 3478 544 3544 Groeciom
563 3473 814 3562 decrevissent,
840 3503 880 3548 se
898 3477 1082 3574 legatum⁶
1103 3486 1247 3553 iturum.

187 3590 268 3655 Haec
289 3609 380 3671 vox,
405 3608 538 3682 magno
560 3606 708 3654 assensu
729 3585 868 3672 audita,
890 3588 1035 3663 sustulit
1054 3604 1247 3661 certamen.

222 3783 244 3828 3.
259 3782 320 3827 Dm
336 3778 486 3827 conditiones
499 3777 528 3826 iis
542 3778 600 3826 lato
612 3796 632 3826 s.
648 3791 695 3827 ete.
777 3774 803 3823 ⁵.
826 3775 1017 3839 Exspectatione
1034 3792 1057 3825 c.
1078 3793 1099 3824 s.
1120 3774 1250 3832 menses,-

187 3861 253 3908 roul.
267 3859 355 3925 Polyb.
369 3860 447 3915 xx1,
460 3874 481 3906 1.
491 3885 525 3895 -
536 3857 605 3905 Mille
618 3859 696 3905 talen·
739 3852 796 3900 vide
809 3852 840 3901 td
854 3854 892 3912 ll,
907 3855 955 3914 54,
968 3871 993 3902 n.
1006 3869 1045 3903 ra.

187 3953 250 3995 roam,
264 3954 355 3986 marom
366 3938 458 4000 argenti
468 3947 589 3984 nocentes
600 3937 696 3997 93750,
775 3933 800 3981 6.
813 3934 843 3978 Se
865 3933 971 3998 legebam
991 3933 1094 3991 iturum,
1115 3929 1249 4002 σὺμὸουλον

186 4035 217 4065 ex
230 4021 301 4067 Crev.
314 4015 457 4063 rationibus.
471 4015 697 4079 lim-Exprimere
739 4011 805 4075 apud
819 4013 971 4076 Appianum,
987 4014 1043 4077 Syr.
1056 4028 1086 4059 ar
1101 4011 1118 4061 f.
1130 4023 1154 4060 et
1167 4014 1200 4062 30
1211 4030 1250 4078 pr.

186 4094 351 4159 cupientibus,
364 4111 401 4142 sc.
413 4104 573 4156 extorquere,
582 4104 610 4141 ut
621 4096 696 4159 panto
740 4091 783 4154 qui
795 4101 875 4138 nmen
886 4107 942 4138 eum
954 4107 968 4138 ι
981 4103 1065 4139 senatu
1081 4091 1150 4140 trani
1164 4093 1250 4154 adjun-

184 4172 434 4238 antezconfersionem
443 4170 521 4236 magis
527 4186 696 4236 noxae,quam
741 4181 805 4217 ctum
821 4169 889 4217 dicit.
908 4169 999 4217 Confer
1010 4169 1148 4234 Schweigb.
1159 4171 1191 4219 ed
1204 4175 1250 4221 Po-

185 4267 317 4316 responso,
328 4250 522 4315 exprimentium.
533 4251 580 4299 En.
741 4248 793 4314 tyb.
804 4250 853 4306 Vl,
866 4249 899 4295 35
907 4247 940 4311 ,S
953 4255 968 4304 4
981 4249 1039 4304 ‚ubi
1049 4259 1137 4313 praeter
1148 4250 1194 4297 alie
1204 4266 1249 4297 no·

221 4340 245 4386 4.
257 4334 308 4378 Ant
315 4330 412 4386 sortiri,
423 4340 469 4378 aut
477 4345 622 4393 comparare
634 4328 697 4376 inter
741 4327 801 4375 tavit
810 4327 876 4375 ltaec:
888 4341 900 4367 t
912 4324 1046 4397 Συμῧουλοὶ
1061 4339 1087 4381 et
1099 4325 1251 4399 πρισίωταὶ

185 4427 210 4458 se
217 4409 372 4475 provinciam
382 4408 438 4456 vide
450 4408 482 4456 ad
494 4410 544 4466 lll,
556 4422 585 4465 a,
598 4423 624 4453 n.
637 4424 695 4455 x.-
739 4405 766 4454 h.
779 4405 811 4464 l.,
822 4419 850 4454 ut
861 4406 926 4470 apud
940 4407 1044 4456 Diodor.
1058 4420 1077 4455 t.
1095 4409 1134 4466 11,
1145 4426 1171 4473 p.
1185 4410 1250 4469 607,

186 4488 326 4555 Elegantius
334 4486 465 4553 factumn
476 4485 532 4535 vide
544 4485 576 4533 ad
585 4487 696 4545 xm,
739 4485 779 4531 ed.
794 4485 910 4542 Weseel,
931 4501 1021 4551 synon.
1041 4485 1157 4535 dicuntur
1177 4489 1249 4552 legati

190 4578 233 4625 ιι,
244 4585 271 4616 n.
284 4570 306 4615 3.
530 4614 533 4620 ,
738 4563 866 4620 militares,
878 4565 919 4626 qui
931 4565 1088 4632 imperatores
1099 4567 1250 4616 comitaban-
