2722 5040
165 739 292 853 ὒῑὲξζζζ
335 761 429 827 nin.
458 761 533 827 xn.
562 763 668 828 exe.
697 762 853 828 xxxv.
881 762 1053 830 xxxvi.
1137 763 1206 856 487

141 881 384 977 «conscripti,
398 905 456 950 me
472 884 630 953 exercitu
648 906 711 965 ec,
727 884 790 977 qui
807 907 902 951 nunc
917 898 988 966 est,
1007 885 1207 982 rempubli-

142 1020 158 1053 α
172 1014 249 1063 cam
265 989 599 1062 administraturum
615 1019 623 1060 :
643 994 671 1061 si
691 990 844 1062 deducat
860 1017 980 1062 secum
998 993 1142 1065 Flaccus
1158 996 1209 1066 le·

143 1101 316 1198 «giones,
332 1099 409 1170 loca
422 1116 546 1198 pacata
559 1101 617 1172 me
632 1099 676 1170 ad
691 1098 923 1170 hibernacula
935 1101 1132 1184 lecturum,
1150 1128 1209 1173 ne·

143 1242 159 1275 «
172 1236 245 1308 que
264 1234 400 1281 novum
418 1211 570 1282 militem
590 1209 812 1282 ferocissimo
828 1210 923 1281 hosti
939 1211 1167 1304 objecturum
1182 1244 1207 1280 n.

188 1325 352 1393 XXXVI.
373 1326 525 1417 Legatus
542 1321 587 1392 ad
608 1347 667 1406 ea,
684 1346 764 1417 quae
782 1322 1022 1418 interrogatus
1038 1339 1133 1407 erat,
1152 1349 1210 1393 re·

145 1431 311 1529 spondit:
329 1437 458 1529 Neque
470 1458 527 1518 se,
548 1457 665 1529 neque
680 1457 902 1529 quemquam
920 1432 1033 1503 aliam
1052 1434 1211 1503 dt'vinare

141 1566 264 1638 posse,
287 1542 380 1641 quid
399 1547 438 1612 in
463 1547 588 1614 animo
620 1541 787 1613 Celtiberi
804 1542 996 1626 haberent,
1023 1561 1212 1642 autporro

146 1651 306 1723 habitari
323 1669 447 1723 essent.
467 1659 598 1750 Itaque
616 1677 749 1748 negare
761 1678 835 1722 non
844 1679 969 1749 posse,
984 1661 1074 1749 quin
1088 1660 1212 1724 rectius

145 1768 206 1847 sit,
226 1767 336 1833 etiam
354 1763 408 1832 ad
416 1779 573 1860 pacatos
592 1762 796 1846 Barbaros,
813 1763 974 1833 nondum
992 1770 1079 1833 satis
1095 1789 1215 1834 assue-

146 1885 196 1941 tos
210 1875 382 1968 imperio,
400 1878 598 1944 exercitum
618 1879 718 1943 mitit
744 1878 848 1943 Novo
868 1888 1007 1957 autem,
1024 1900 1074 1943 an
1096 1891 1216 1944 vetere

147 1987 304 2051 exercitu
326 2006 417 2077 opas
441 1989 502 2066 sit,
529 1985 606 2077 ejus
629 2008 704 2054 esse
724 1983 861 2065 di'cere,
885 1990 950 2078 qai
974 1990 1065 2053 scire
1081 1992 1214 2080 possit,

147 2115 220 2184 qua
226 2090 313 2184 fide
336 2091 501 2162 Celtiberi
516 2098 553 2162 in
564 2119 659 2189 pace
677 2099 843 2163 mansuri
860 2099 953 2177 sint,·
975 2098 1086 2183 simul
1101 2103 1217 2189 etqui

148 2198 239 2273 illud
250 2200 482 2298 exploratum
503 2202 655 2287 habeat,
675 2209 857 2299 quieturos
876 2201 1021 2288 milites,
1035 2210 1069 2271 si
1082 2204 1215 2274 diutius

148 2317 184 2380 in
193 2317 386 2407 provincia
406 2317 637 2382 retineantur.
658 2316 761 2406 Sigea
778 2337 837 2396 eo,
859 2313 962 2408 quod
979 2329 1046 2380 ant
1065 2319 1158 2382 mter
1176 2339 1216 2382 se

148 2418 363 2516 loquantur,
381 2437 448 2491 aut
465 2421 812 2494 subclamationibus
825 2423 929 2519 apud
945 2430 1216 2492 concionantem

147 2538 398 2627 imperatorem
413 2534 633 2626 significent,
649 2534 743 2629 quid
754 2539 924 2617 sentiant,
942 2534 1216 2627 conjectandam

148 2647 210 2726 sit,·
220 2643 352 2738 palam
370 2644 588 2731 vociferatos
605 2650 701 2727 esse,
722 2660 789 2712 aat
806 2649 1056 2740 imperatorem
1079 2650 1116 2713 in
1125 2670 1218 2740 pro·

148 2756 262 2821 vincia
292 2767 511 2837 retenturos,
540 2769 607 2822 aut
630 2778 712 2822 cam
740 2778 783 2823 eo
797 2760 846 2824 ,in
875 2754 1022 2825 Italiam
1047 2771 1218 2824 venturos

149 2885 233 2930 esse.
248 2861 551 2959 Disceptationem
566 2864 659 2933 inter
678 2878 867 2959 praetorem
886 2864 1116 2960 legatumque
1134 2888 1218 2934 con·

150 2971 269 3041 sulum
286 2972 411 3041 relatio
430 2973 642 3069 interrupit,
657 2975 722 3070 qui
738 2998 819 3043 suas
834 2976 975 3043 ornari¹
998 2974 1219 3069 provincias,

150 3082 250 3178 prius
270 3106 380 3177 quam
406 3082 451 3151 de
479 3085 641 3178 praetoris
668 3085 827 3154 exercitu
860 3098 1048 3180 ageretur,
1075 3107 1218 3176 aequum

149 3189 355 3262 censebant.
378 3196 501 3262 Novus
521 3196 640 3264 omnis
662 3197 839 3266 exercitus
856 3191 1066 3264 consulibus
1086 3207 1140 3261 est
1157 3191 1219 3261 de-

151 3318 291 3373 cretus:
312 3301 405 3371 binae
424 3302 583 3400 legiones
608 3329 763 3375 romanae
790 3328 873 3373 cum
893 3328 959 3372 suo
979 3303 1163 3397 equitatu,
1185 3317 1220 3371 et

152 3413 287 3482 socium
320 3412 418 3481 latini
443 3417 622 3501 nominis,
648 3429 806 3515 quantus
833 3423 1007 3509 semper?
1025 3435 1219 3495 numerus,

152 3520 358 3616 quindecim
377 3521 488 3592 millia
507 3522 669 3619 peditum
692 3539 727 3593 et
745 3523 942 3617 octingenti
961 3522 1109 3615 equites.
1128 3524 1219 3589 Curn

153 3629 223 3701 hoc
241 3634 399 3701 exercitu
419 3634 577 3729 Apuanis
595 3630 787 3729 Liguribus
808 3646 847 3700 ut
869 3628 1006 3698 bellum
1026 3626 1219 3712 inferrent,

152 3741 360 3812 mandatum
383 3757 446 3812 est.
474 3746 510 3811 P.
532 3743 700 3813 Cornelio
725 3756 761 3811 et
784 3746 831 3811 Μ.
849 3737 968 3810 Baebio
988 3753 1220 3836 prorogatum

154 3852 345 3948 imperium
357 3848 384 3939 ³,
401 3853 563 3948 jussique
582 3853 783 3951 provincias
800 3849 983 3933 obtinere,
1006 3848 1124 3918 donec
1140 3874 1223 3918 con·

189 4100 247 4146 Cae.
259 4100 384 4146 xxxvt.
399 4115 420 4146 ι.
435 4100 497 4145 Seras
511 4100 598 4146 ornari
604 4116 666 4162 pro·
713 4099 744 4145 tis
755 4109 811 4161 apte
827 4109 879 4143 tam
896 4113 989 4160 semper
1002 4099 1070 4156 conj.
1088 4098 1153 4160 Lips.
1168 4096 1224 4144 Mil.

155 4179 245 4225 vinciat
254 4197 264 4234 ,·
274 4178 329 4224 vide
338 4178 369 4225 ad
379 4181 429 4236 tx,
440 4187 483 4235 to,
494 4195 520 4225 n.
536 4193 575 4224 η.
712 4179 784 4224 Rom.
805 4178 843 4232 ll,
861 4193 885 4236 7,
905 4175 945 4223 ubi
968 4187 992 4223 et
1012 4176 1064 4222 sine
1084 4177 1226 4222 rreceasitate

190 4273 214 4305 a.
228 4259 338 4319 Quantas
357 4272 588 4321 sempernumeras,
604 4256 668 4303 forte
712 4271 772 4303 mox
798 4255 893 4303 emend.
916 4256 964 4302 XV
982 4255 1059 4302 millia
1074 4255 1186 4317 peditam
1203 4266 1226 4298 et

156 4353 180 4399 q.
197 4348 248 4384 tum
260 4337 318 4400 sere
334 4353 453 4385 rrrtmeras.
473 4335 545 4383 Conl.
562 4352 615 4398 cap.
638 4351 668 4392 1,
714 4335 779 4383 mille
789 4335 887 4382 ducenti
899 4334 1000 4398 equites.
1012 4335 1084 4383 Conl.
1098 4332 1189 4380 Duker.
1202 4344 1227 4379 ct

160 4417 206 4472 18,
220 4418 262 4464 as.
277 4419 335 4462 Vox
354 4431 446 4479 semper
464 4412 563 4461 delendi
583 4417 669 4477 nequit
715 4414 840 4463 Drakenb.

158 4494 232 4559 (vide
242 4495 274 4542 ad
286 4494 362 4541 xxn
371 4528 379 4554 ,
389 4495 436 4554 36,
446 4511 470 4542 n.
484 4493 532 4559 t),
541 4509 620 4558 neque
632 4510 668 4543 sa·
750 4496 773 4543 3.
785 4498 814 4543 Ρ.
828 4494 939 4542 6011κίἑο
956 4505 980 4539 et
993 4493 1027 4539 tt.
1042 4489 1124 4538 Balio
1133 4504 1224 4553 prora·
