2722 5040
625 538 629 545 ι

193 794 319 901 ὓῑὲςξξξς
356 819 443 887 nm.
470 820 672 887 xxxvm.
701 820 800 892 cle.
827 821 950 890 xnu.
978 825 1121 894 xnvn.
1168 826 1236 921 287

165 937 475 1038 «impedimenta,
498 941 594 1011 inter
614 963 741 1037 vepres
763 941 799 1010 in
823 939 970 1030 latebris
992 941 1149 1017 ferarum
1170 976 1237 1020 no-

165 1081 182 1114 «
196 1065 290 1122 ctem
310 1076 420 1123 uuam
440 1051 595 1123 delituit.
622 1056 692 1121 Pro
715 1049 771 1121 his
796 1051 1003 1150 triumphus
1024 1058 1182 1153 petitur?
1203 1063 1239 1131 Si

164 1188 181 1222 «
196 1159 285 1231 nihil
299 1161 337 1230 iu
348 1160 498 1235 Thracia
512 1160 622 1232 cladis
635 1159 915 1258 ignominiaeque
927 1160 1022 1236 foret
1034 1184 1238 1265 acceptum,

164 1273 240 1345 «de
264 1275 400 1372 quibus
424 1274 591 1353 hostibus
615 1275 842 1372 triumphum
866 1279 1030 1372 peteres?
1049 1280 1094 1352 de
1112 1284 1173 1368 iis,
1196 1301 1238 1368 ut

162 1386 346 1481 «opinor,
364 1410 458 1482 qnos
475 1384 541 1456 tibi
557 1385 679 1456 hostes
694 1400 839 1457 senatus
859 1401 923 1458 aut
940 1391 1099 1486 populus
1120 1418 1238 1468 roma·

161 1519 261 1566 «nus
280 1496 449 1568 dedisset.
470 1498 527 1569 sic
546 1495 631 1567 huic
647 1499 687 1564 1..
704 1496 883 1593 Scipioni,
900 1498 950 1568 sic
973 1499 1025 1569 illi
1047 1502 1104 1570 Μ’.
1122 1505 1236 1577 Acilio

162 1635 179 1670 a
192 1604 239 1676 de
252 1631 337 1702 rege
357 1606 554 1693 Antiocho,
575 1607 626 1679 sic
640 1606 750 1703 paulo
765 1620 848 1677 ante
864 1611 903 1677 T.
920 1610 1073 1698 Quintio
1092 1613 1138 1684 de
1152 1640 1236 1714 rege
1254 1695 1256 1699 ,

161 1716 378 1815 «Philippo,
398 1720 448 1789 sic
466 1724 504 1790 P.
525 1717 694 1789 Africano
715 1716 761 1789 de
784 1718 987 1790 Hannibale
1007 1736 1043 1792 et
1062 1725 1181 1796 Poenis
1199 1741 1236 1800 et

159 1856 176 1890 α
189 1827 370 1926 Syphace,
381 1828 591 1927 triumphus
603 1827 724 1899 datus:
740 1842 776 1896 et
788 1828 938 1898 minima
947 1829 1024 1916 illa,
1036 1856 1149 1928 quum
1159 1835 1234 1929 jam

160 1968 176 2004 ι(
191 1955 336 2012 senatus
353 1942 549 2024 censuisset
562 1937 700 2010 bellum
711 1933 888 2034 ,quaesita
904 1951 1026 2010 tamen
1041 1957 1141 2030 sunt,
1155 1947 1235 2040 qui·

159 2047 260 2120 abus
277 2051 520 2122 nuntiandum
539 2064 656 2124 esset:
677 2049 764 2148 ipsis
781 2050 910 2145 utique
926 2049 1072 2146 regibus
1086 2058 1232 2127 nuntia·

158 2190 173 2223 α
188 2175 306 2247 retur;
322 2186 368 2232 an
381 2164 465 2233 satis
475 2176 584 2249 esset,
594 2160 638 2232 ad
648 2158 856 2257 praesidium
869 2159 1017 2256 aliquod
1028 2157 1232 2236 ⁵nuntiaril

158 2301 174 2333 α
188 2270 306 2342 Vultis
318 2296 404 2369 ergo
413 2272 489 2343 haec
500 2272 621 2342 omnia
637 2270 753 2369 pollui
768 2285 804 2341 et
819 2268 1018 2342 confundi?
1032 2271 1111 2343 tolli
1125 2272 1231 2362 seciae·

156 2409 173 2444 «
185 2381 230 2452 lia
240 2380 370 2476 jura⁶l
385 2383 506 2456 nullos
520 2408 597 2454 esse
612 2381 778 2454 feciales?
788 2381 865 2453 Fiat
879 2379 991 2480 (pace
1007 2381 1118 2455 deum
1131 2384 1230 2458 dixe-

156 2492 277 2587 «rim)
294 2493 434 2587 jactura
452 2494 658 2592 religionis3
683 2490 821 2562 oblivio
845 2489 1000 2564 deorum
1024 2493 1142 2591 capiat
1162 2520 1228 2594 pe·

157 2615 286 2673 «ctora
300 2619 427 2675 vestra.
451 2608 547 2675 Num
565 2617 731 2675 senatum
746 2626 895 2700 quoque
909 2601 955 2674 de
970 2602 1068 2675 bello
1086 2607 1228 2678 consuli

154 2739 171 2774 α
184 2735 260 2782 non
274 2712 416 2810 placet?
429 2738 505 2785 non
522 2715 568 2786 ed
583 2713 762 2812 populum
778 2711 881 2798 Ierri,
902 2712 1013 2784 velint
1025 2713 1226 2809 jubeantne

155 2850 170 2882 ιι
186 2845 269 2892 cum
286 2823 398 2894 Gallis
416 2823 553 2895 bellum
570 2823 672 2921 geri?
689 2821 801 2894 Modo
819 2837 918 2894 certe
936 2822 1105 2897 consules
1123 2831 1223 2899 Grae-

154 2932 275 3002 «ciam
297 2948 407 3030 atque
430 2935 550 3006 Asiam
571 2931 791 3005 volebantI:
819 2946 941 3005 tamen
963 2940 1224 3032 perseveranti·

154 3038 251 3114 «bus
267 3041 387 3132 vobis,
406 3046 555 3143 ligures
576 3043 799 3142 proviuciarn
817 3041 1034 3132 decernere,
1053 3043 1151 3117 dicto
1164 3072 1225 3118 au-

151 3182 167 3217 α
181 3153 322 3225 dientes
335 3152 494 3227 fuerunt.
515 3155 648 3226 Merito
665 3177 751 3252 ergo
769 3176 789 3222 a
803 3151 924 3240 vobis,
937 3177 1111 3252 prospere
1125 3153 1223 3227 bello

151 3279 301 3360 «gesto,
326 3265 555 3365 triumphum
581 3279 727 3363 petent,
752 3261 886 3360 quibus
907 3261 1118 3336 auctoribus
1141 3288 1222 3361 ges-

150 3402 167 3436 «
179 3372 329 3445 serunt⁸
343 3407 370 3447 u.

196 3488 337 3557 XLVII.
361 3486 455 3557 Talis
476 3488 592 3557 oratio
616 3487 712 3557 Furii
735 3501 771 3556 et
788 3484 918 3555 AEmilii
939 3482 1017 3553 fuit.
1043 3485 1217 3557 Manlium

148 3593 185 3663 in
218 3595 318 3667 hunc
351 3598 506 3667 maxime
540 3595 692 3667 modum
728 3593 959 3693 respondisse
992 3597 1217 3693 accepimus:

147 3703 328 3776 «Tribuni
347 3705 464 3804 plebis
485 3721 589 3778 antea
606 3704 772 3778 solebant
789 3702 1016 3803 triumphum
1035 3708 1219 3802 postulan-

146 3813 276 3886 «tibus
296 3816 497 3903 adversari,
517 3821 640 3888 Patres
657 3817 864 3915 conscripti.
888 3813 1031 3904 Quibus
1052 3841 1119 3913 ego
1140 3844 1216 3916 gra·

145 4007 262 4069 vocibus,
284 4006 408 4072 trifinium
432 4007 576 4072 dissipantes,
605 4020 657 4056 tan·
738 4009 763 4054 6.
778 4004 1037 4070 Tollificialr'ajura5
1050 4007 1150 4056 ridead
1164 4014 1215 4072 IX,

143 4103 216 4152 mmm
231 4089 262 4136 iis
275 4087 427 4153 expli-:endis
445 4089 593 4152 appositum.
611 4090 656 4135 En.
702 4100 733 4147 9,
748 4102 773 4134 n.
787 4103 811 4133 a.

180 4168 204 4217 5.
215 4168 323 4232 Quaerite
335 4179 416 4215 tamen
425 4180 493 4224 eunt,
503 4168 589 4233 quibus
598 4184 657 4214 nrm·
739 4183 762 4226 7.
779 4164 854 4213 Modo
866 4177 931 4213 certe
942 4167 1051 4214 consules
1060 4166 1123 4232 (vid.
1135 4186 1157 4216 c.
1169 4171 1214 4234 ta)

143 4246 254 4296 tianuon
272 4261 359 4297 esset...
383 4264 417 4294 are
442 4247 503 4294 satir
523 4258 595 4302 esset,
623 4245 660 4293 ad
703 4245 827 4293 Groeciam
839 4257 915 4310 atque
926 4246 1012 4294 Asiam
1026 4246 1214 4304 solebantar-

138 4328 281 4390 praesidinm
293 4346 319 4377 a.
335 4325 463 4378 nuntiari)
474 4329 542 4376 conl.
553 4326 655 4383 XXXI,
700 4325 801 4389 plebane
810 4327 936 4385 obtinere3
947 4325 998 4374 vid.
1008 4328 1088 4383 XXI,
1098 4327 1144 4386 39,
1153 4342 1179 4372 n.
1187 4335 1211 4381 ⁴·

144 4407 174 4465 8,
194 4417 219 4455 et
239 4411 367 4468 XXXVI,
390 4410 414 4456 3.
433 4435 468 4446 -
484 4407 562 4455 Vultis
578 4423 656 4472 ergo;
700 4407 891 4465 -De'ceolend.,·
902 4405 1056 4472 priscaeedd.
1067 4403 1210 4452 obedientes.

141 4485 237 4534 Thoan.
247 4489 308 4536 lm.
319 4489 347 4547 3,
358 4499 381 4536 et
388 4489 416 4536 1..
429 4504 452 4548 1,
461 4487 544 4535 Velitis
553 4503 575 4535 e.
581 4486 654 4552 pr'ob.
736 4489 760 4534 a.
771 4485 862 4550 Quibus
868 4485 1007 4534 auctoribus
1014 4492 1151 4549 generatura
1159 4482 1210 4533 vid.

140 4569 253 4616 Gronov.
387 4580 390 4585 '
700 4567 860 4626 1,17,u.o.
