2722 5040
327 27 501 88 Η..μιιω
523 6 653 86 prator
674 16 718 58 nr
747 16 836 59 anus
857 16 888 58 a(

194 136 208 165 «
226 128 333 198 quern
362 127 440 171 eant
466 126 541 169 rem
571 101 655 169 velit
684 117 826 169 senatus
855 126 893 195 qr

193 228 395 308 «praetores
422 237 519 280 nnnc
544 213 680 279 suntin
700 212 791 279 Huic
813 235 900 307 roga

193 328 232 391 L.
255 323 421 392 Mummii
444 320 739 392 intercedebant:
761 335 905 391 senatur

193 434 301 504 cunia
322 456 398 503 non
418 430 530 503 relata
557 431 595 502 in
621 429 830 528 publicum,
852 431 900 501 ita

193 541 328 619 factum
346 555 459 629 esset,
482 562 627 638 equum
650 540 857 614 censebant.
880 546 916 613 Pr

193 667 230 724 et
243 674 398 751 regnum
412 651 452 724 in
466 663 595 722 senatu
609 651 819 748 Scipionum
835 674 921 722 aocu

192 767 381 860 Purpureo
397 757 613 847 consularis,
632 762 747 857 quiin
762 760 926 832 decemb

192 887 269 959 rat,
286 870 392 941 latius
404 868 609 967 rogandum
624 869 817 941 censebat:
833 894 932 941 noni

194 980 304 1053 modo
320 981 483 1078 pecuniae
501 978 622 1078 captae'
630 976 769 1066 forent,
789 979 854 1051 sed
868 1004 936 1078 qua

193 1090 459 1189 gentibusque,
483 1094 549 1160 Cn.
573 1090 749 1162 Manlium
773 1091 942 1162 inimicust

193 1206 233 1272 L.
250 1200 388 1297 Scipio,
406 1223 516 1295 quem
531 1201 644 1298 magis
656 1224 726 1297 pro
737 1225 794 1288 se,
812 1224 921 1298 quam
938 1225 947 1271 a

194 1311 374 1389 dicturum
390 1307 606 1407 apparebat,
624 1309 803 1382 dissuasor
816 1334 952 1408 process

195 1436 266 1492 tem
283 1423 320 1489 P.
340 1417 497 1490 Africani
517 1418 651 1505 fratris,
674 1421 741 1491 viri
763 1417 953 1493 omniumi

194 1532 369 1628 simque,
396 1553 475 1602 eam
504 1546 666 1602 exortam
692 1533 917 1629 rogationem
945 1557 953 1601 ⁴

194 1647 333 1713 Parum
346 1643 580 1733 enimsuu'sse,
595 1667 668 1714 non
684 1641 908 1742 laudaripm
925 1647 953 1715 a

195 1883 233 1932 vel
250 1883 341 1931 invidis
356 1883 399 1930 -vel
417 1882 527 1947 ignavis,
545 1883 589 1947 qui
608 1884 663 1932 aliis
680 1902 706 1933 se
749 1884 781 1932 ad
792 1886 837 1943 IV,
850 1884 953 1941 sans

194 1963 335 2013 melioribus
353 1962 504 2021 obtrectant,
518 1975 543 2012 st
561 1963 650 2014 sinsus
663 1981 706 2015 uo
748 1980 774 2012 n.
785 1972 808 2021 t.
829 1991 864 2001 -
882 1961 953 2013 Velr‘ri

194 2060 248 2092 cere
262 2053 398 2102 conantur,
412 2043 552 2108 metaphora
574 2059 588 2091 a
605 2043 706 2105 unibus
748 2044 806 2101 nia,
815 2053 861 2092 etc.
873 2058 953 2107 pro,1

162 2139 165 2142 ’
195 2123 305 2171 traducta
329 2120 437 2186 ignavis,
464 2123 508 2186 qui
528 2122 633 2181 latrant,
654 2139 706 2172 non
749 2123 846 2172 eiusad
858 2133 953 2171 senatur

193 2201 308 2250 mordent
322 2212 451 2250 noeentvs.
471 2228 506 2239 -
519 2202 559 2250 Sic
572 2203 704 2261 Martialb,
749 2215 789 2251 tur
808 2203 947 2268 {inportuna

193 2283 227 2342 V,
238 2283 313 2340 fian
336 2292 361 2329 et
375 2295 410 2330 a:
432 2281 539 2345 Allatas
559 2280 616 2331 tices
631 2298 706 2347 usque
749 2299 804 2333 cum
816 2282 953 2335 Crever..1

194 2377 238 2408 uos
251 2372 276 2408 ee
292 2376 380 2424 usque,
394 2361 428 2406 Re
435 2361 577 2424 gannitibus
592 2361 696 2398 ’ἲν-Λ·
750 2365 753 2367 ’
