<?xml version="1.0" encoding="UTF-8"?>
<!DOCTYPE html PUBLIC "-//W3C//DTD XHTML 1.0 Transitional//EN"
    "http://www.w3.org/TR/xhtml1/DTD/xhtml1-transitional.dtd">
<html xmlns="http://www.w3.org/1999/xhtml" xml:lang="en" lang="en">
 <head>
  <title>
</title>
<meta http-equiv="Content-Type" content="text/html;charset=utf-8" />
  <meta name='ocr-system' content='tesseract 3.04.00' />
  <meta name='ocr-capabilities' content='ocr_page ocr_carea ocr_par ocr_line ocrx_word'/>
</head>
<body>
  <div class='ocr_page' id='page_1' title='image "./titusliviuspata05freigoog_0518.png"; bbox 0 0 2722 5040; ppageno 0'>
   <div class='ocr_carea' id='block_1_1' title="bbox 107 755 1287 2759">
    <p class='ocr_par' dir='ltr' id='par_1_1' title="bbox 177 755 1287 1213">
     <span class='ocr_line' id='line_1_1' title="bbox 181 755 1215 868; baseline 0.013 -26"><span class='ocrx_word' id='word_1_1' title='bbox 181 769 250 844; x_wconf 81' lang='lat'>508</span> <span class='ocrx_word' id='word_1_2' title='bbox 588 778 626 842; x_wconf 88' lang='lat' dir='ltr'>r.</span> <span class='ocrx_word' id='word_1_3' title='bbox 662 777 799 843; x_wconf 83' lang='lat' dir='ltr'>mvn</span> <span class='ocrx_word' id='word_1_4' title='bbox 1096 755 1215 868; x_wconf 63' lang='lat' dir='ltr'>lzttsst</span> 
     </span>
     <span class='ocr_line' id='line_1_2' title="bbox 177 894 1287 996; baseline 0 -30"><span class='ocrx_word' id='word_1_5' title='bbox 177 894 278 969; x_wconf 88' lang='lat' dir='ltr'>ribus</span> <span class='ocrx_word' id='word_1_6' title='bbox 294 895 424 969; x_wconf 87' lang='lat' dir='ltr'>deinde</span> <span class='ocrx_word' id='word_1_7' title='bbox 442 896 726 996; x_wconf 82' lang='lat' dir='ltr'>postulantibus,</span> <span class='ocrx_word' id='word_1_8' title='bbox 749 913 789 968; x_wconf 94' lang='lat' dir='ltr'>ut</span> <span class='ocrx_word' id='word_1_9' title='bbox 812 899 972 994; x_wconf 79' lang='lat' dir='ltr'>pecuniae</span> <span class='ocrx_word' id='word_1_10' title='bbox 990 922 1130 968; x_wconf 86' lang='lat' dir='ltr'>summa</span> <span class='ocrx_word' id='word_1_11' title='bbox 1152 897 1241 982; x_wconf 90' lang='lat' dir='ltr'>sibi,</span> <span class='ocrx_word' id='word_1_12' title='bbox 1285 988 1287 992; x_wconf 10' lang='grc' dir='ltr'><em>Α</em></span> 
     </span>
     <span class='ocr_line' id='line_1_3' title="bbox 179 1006 1243 1106; baseline 0.002 -29"><span class='ocrx_word' id='word_1_13' title='bbox 179 1031 250 1103; x_wconf 87' lang='lat' dir='ltr'>qua</span> <span class='ocrx_word' id='word_1_14' title='bbox 271 1008 307 1077; x_wconf 94' lang='lat' dir='ltr'>in</span> <span class='ocrx_word' id='word_1_15' title='bbox 326 1032 437 1105; x_wconf 87' lang='lat' dir='ltr'>opera</span> <span class='ocrx_word' id='word_1_16' title='bbox 458 1006 603 1106; x_wconf 91' lang='lat' dir='ltr'>publica</span> <span class='ocrx_word' id='word_1_17' title='bbox 627 1023 831 1094; x_wconf 87' lang='lat' dir='ltr'>uterentur,</span> <span class='ocrx_word' id='word_1_18' title='bbox 852 1006 1163 1094; x_wconf 88' lang='lat' dir='ltr'>attribueretur¹⁰,</span> <span class='ocrx_word' id='word_1_19' title='bbox 1183 1034 1243 1079; x_wconf 81' lang='lat' dir='ltr'>vc-</span> 
     </span>
     <span class='ocr_line' id='line_1_4' title="bbox 180 1117 746 1213; baseline 0 -26"><span class='ocrx_word' id='word_1_20' title='bbox 180 1117 283 1213; x_wconf 84' lang='lat' dir='ltr'>ctigal</span> <span class='ocrx_word' id='word_1_21' title='bbox 301 1143 462 1189; x_wconf 88' lang='lat' dir='ltr'>annuum</span> <span class='ocrx_word' id='word_1_22' title='bbox 479 1117 663 1188; x_wconf 87' lang='lat' dir='ltr'>decretum</span> <span class='ocrx_word' id='word_1_23' title='bbox 682 1134 746 1190; x_wconf 91' lang='lat' dir='ltr'>est.</span> 
     </span>
    </p>

    <p class='ocr_par' dir='ltr' id='par_1_2' title="bbox 107 1225 1243 2759">
     <span class='ocr_line' id='line_1_5' title="bbox 227 1225 1242 1326; baseline 0.006 -30"><span class='ocrx_word' id='word_1_24' title='bbox 227 1228 367 1298; x_wconf 85' lang='lat' dir='ltr'>XLVll.</span> <span class='ocrx_word' id='word_1_25' title='bbox 390 1225 526 1298; x_wconf 90' lang='lat' dir='ltr'>Eodem</span> <span class='ocrx_word' id='word_1_26' title='bbox 551 1252 647 1297; x_wconf 91' lang='lat' dir='ltr'>anno</span> <span class='ocrx_word' id='word_1_27' title='bbox 667 1229 704 1297; x_wconf 89' lang='lat' dir='ltr'>in</span> <span class='ocrx_word' id='word_1_28' title='bbox 732 1229 898 1326; x_wconf 87' lang='lat' dir='ltr'>Hispania</span> <span class='ocrx_word' id='word_1_29' title='bbox 922 1233 963 1300; x_wconf 91' lang='lat' dir='ltr'>L.</span> <span class='ocrx_word' id='word_1_30' title='bbox 983 1232 1185 1302; x_wconf 88' lang='lat' dir='ltr'><strong>Postumius</strong></span> <span class='ocrx_word' id='word_1_31' title='bbox 1207 1249 1242 1302; x_wconf 89' lang='lat' dir='ltr'>et</span> 
     </span>
     <span class='ocr_line' id='line_1_6' title="bbox 178 1338 1242 1436; baseline 0.006 -31"><span class='ocrx_word' id='word_1_32' title='bbox 178 1338 230 1406; x_wconf 88' lang='lat' dir='ltr'>Ti.</span> <span class='ocrx_word' id='word_1_33' title='bbox 249 1339 481 1434; x_wconf 84' lang='lat' dir='ltr'>Sempronius</span> <span class='ocrx_word' id='word_1_34' title='bbox 501 1353 741 1435; x_wconf 74' lang='lat' dir='ltr'>propraetores</span> <span class='ocrx_word' id='word_1_35' title='bbox 759 1355 1057 1436; x_wconf 86' lang='lat' dir='ltr'>comparaverunt</span> <span class='ocrx_word' id='word_1_36' title='bbox 1079 1343 1128 1411; x_wconf 91' lang='lat' dir='ltr'>ita</span> <span class='ocrx_word' id='word_1_37' title='bbox 1148 1341 1242 1413; x_wconf 90' lang='lat' dir='ltr'>inter</span> 
     </span>
     <span class='ocr_line' id='line_1_7' title="bbox 178 1449 1240 1546; baseline 0.003 -29"><span class='ocrx_word' id='word_1_38' title='bbox 178 1471 236 1533; x_wconf 89' lang='lat' dir='ltr'>se,</span> <span class='ocrx_word' id='word_1_39' title='bbox 263 1463 304 1518; x_wconf 92' lang='lat' dir='ltr'>ut</span> <span class='ocrx_word' id='word_1_40' title='bbox 328 1450 365 1517; x_wconf 93' lang='lat' dir='ltr'>in</span> <span class='ocrx_word' id='word_1_41' title='bbox 391 1452 556 1518; x_wconf 88' lang='lat' dir='ltr'>Vaccaeos</span> <span class='ocrx_word' id='word_1_42' title='bbox 582 1472 647 1546; x_wconf 91' lang='lat' dir='ltr'>per</span> <span class='ocrx_word' id='word_1_43' title='bbox 672 1450 889 1520; x_wconf 84' lang='lat' dir='ltr'>Lusitaniam</span> <span class='ocrx_word' id='word_1_44' title='bbox 915 1450 983 1520; x_wconf 91' lang='lat' dir='ltr'>iret</span> <span class='ocrx_word' id='word_1_45' title='bbox 1009 1449 1180 1532; x_wconf 77' lang='lat' dir='ltr'>Albinus,</span> <span class='ocrx_word' id='word_1_46' title='bbox 1204 1453 1240 1520; x_wconf 90' lang='lat' dir='ltr'>in</span> 
     </span>
     <span class='ocr_line' id='line_1_8' title="bbox 177 1556 1241 1657; baseline 0.002 -29"><span class='ocrx_word' id='word_1_47' title='bbox 177 1557 405 1628; x_wconf 80' lang='lat' dir='ltr'>Celtiberiam</span> <span class='ocrx_word' id='word_1_48' title='bbox 421 1556 505 1629; x_wconf 93' lang='lat' dir='ltr'>inde</span> <span class='ocrx_word' id='word_1_49' title='bbox 519 1574 775 1647; x_wconf 79' lang='lat' dir='ltr'>reverteretur3</span> <span class='ocrx_word' id='word_1_50' title='bbox 794 1559 995 1644; x_wconf 84' lang='lat' dir='ltr'>Gracchus,</span> <span class='ocrx_word' id='word_1_51' title='bbox 1016 1563 1045 1632; x_wconf 93' lang='lat' dir='ltr'>si</span> <span class='ocrx_word' id='word_1_52' title='bbox 1063 1562 1177 1657; x_wconf 87' lang='lat' dir='ltr'>majus</span> <span class='ocrx_word' id='word_1_53' title='bbox 1191 1561 1241 1632; x_wconf 89' lang='lat' dir='ltr'>ibi</span> 
     </span>
     <span class='ocr_line' id='line_1_9' title="bbox 177 1662 1239 1768; baseline 0.004 -29"><span class='ocrx_word' id='word_1_54' title='bbox 177 1665 313 1739; x_wconf 88' lang='lat' dir='ltr'>bellum</span> <span class='ocrx_word' id='word_1_55' title='bbox 339 1683 451 1756; x_wconf 88' lang='lat' dir='ltr'>esset,</span> <span class='ocrx_word' id='word_1_56' title='bbox 471 1671 508 1738; x_wconf 91' lang='lat' dir='ltr'>in</span> <span class='ocrx_word' id='word_1_57' title='bbox 535 1669 659 1740; x_wconf 89' lang='lat' dir='ltr'>ultima</span> <span class='ocrx_word' id='word_1_58' title='bbox 677 1668 876 1740; x_wconf 71' lang='lat' dir='ltr'>Celtiberiae</span> <span class='ocrx_word' id='word_1_59' title='bbox 900 1685 1115 1768; x_wconf 88' lang='lat' dir='ltr'>penetraret.</span> <span class='ocrx_word' id='word_1_60' title='bbox 1137 1662 1239 1742; x_wconf 83' lang='lat' dir='ltr'>Mun-</span> 
     </span>
     <span class='ocr_line' id='line_1_10' title="bbox 174 1777 1242 1878; baseline 0.002 -29"><span class='ocrx_word' id='word_1_61' title='bbox 174 1777 256 1849; x_wconf 88' lang='lat' dir='ltr'>dam</span> <span class='ocrx_word' id='word_1_62' title='bbox 271 1777 399 1850; x_wconf 93' lang='lat' dir='ltr'>urbem</span> <span class='ocrx_word' id='word_1_63' title='bbox 416 1790 424 1821; x_wconf 92' lang='lat'><em>¹</em></span> <span class='ocrx_word' id='word_1_64' title='bbox 444 1779 602 1876; x_wconf 90' lang='lat' dir='ltr'>primum</span> <span class='ocrx_word' id='word_1_65' title='bbox 616 1780 650 1847; x_wconf 88' lang='lat' dir='ltr'>vi</span> <span class='ocrx_word' id='word_1_66' title='bbox 664 1780 779 1876; x_wconf 88' lang='lat' dir='ltr'>cepit,</span> <span class='ocrx_word' id='word_1_67' title='bbox 795 1795 900 1850; x_wconf 89' lang='lat' dir='ltr'>nocte</span> <span class='ocrx_word' id='word_1_68' title='bbox 914 1805 958 1851; x_wconf 87' lang='lat' dir='ltr'>ex</span> <span class='ocrx_word' id='word_1_69' title='bbox 974 1781 1168 1878; x_wconf 90' lang='lat' dir='ltr'>improviso</span> <span class='ocrx_word' id='word_1_70' title='bbox 1187 1805 1242 1877; x_wconf 84' lang='lat' dir='ltr'>ag·</span> 
     </span>
     <span class='ocr_line' id='line_1_11' title="bbox 175 1888 1242 1988; baseline 0.001 -29"><span class='ocrx_word' id='word_1_71' title='bbox 175 1912 327 1986; x_wconf 88' lang='lat' dir='ltr'>gressus.</span> <span class='ocrx_word' id='word_1_72' title='bbox 350 1891 514 1987; x_wconf 81' lang='lat' dir='ltr'>Acceptis</span> <span class='ocrx_word' id='word_1_73' title='bbox 537 1889 668 1961; x_wconf 88' lang='lat' dir='ltr'>deinde</span> <span class='ocrx_word' id='word_1_74' title='bbox 691 1888 899 1975; x_wconf 90' lang='lat' dir='ltr'>obsidibus,</span> <span class='ocrx_word' id='word_1_75' title='bbox 919 1891 1158 1988; x_wconf 67' lang='lat' dir='ltr'>praesidioque</span> <span class='ocrx_word' id='word_1_76' title='bbox 1176 1893 1242 1961; x_wconf 89' lang='lat' dir='ltr'>im-</span> 
     </span>
     <span class='ocr_line' id='line_1_12' title="bbox 177 1999 1241 2097; baseline 0.002 -28"><span class='ocrx_word' id='word_1_77' title='bbox 177 2001 319 2097; x_wconf 89' lang='lat' dir='ltr'>posito,</span> <span class='ocrx_word' id='word_1_78' title='bbox 347 1999 490 2070; x_wconf 87' lang='lat' dir='ltr'>castella</span> <span class='ocrx_word' id='word_1_79' title='bbox 514 2024 746 2097; x_wconf 81' lang='lat' dir='ltr'>oppugnare,</span> <span class='ocrx_word' id='word_1_80' title='bbox 776 2024 879 2096; x_wconf 84' lang='lat' dir='ltr'>agros</span> <span class='ocrx_word' id='word_1_81' title='bbox 905 2026 1031 2088; x_wconf 86' lang='lat' dir='ltr'>urere,</span> <span class='ocrx_word' id='word_1_82' title='bbox 1057 2000 1174 2071; x_wconf 86' lang='lat' dir='ltr'>donec</span> <span class='ocrx_word' id='word_1_83' title='bbox 1197 2000 1241 2072; x_wconf 91' lang='lat' dir='ltr'>ad</span> 
     </span>
     <span class='ocr_line' id='line_1_13' title="bbox 175 2108 1243 2208; baseline 0.001 -29"><span class='ocrx_word' id='word_1_84' title='bbox 175 2111 401 2208; x_wconf 64' lang='lat' dir='ltr'>praevalidam</span> <span class='ocrx_word' id='word_1_85' title='bbox 422 2110 527 2181; x_wconf 87' lang='lat' dir='ltr'>aliam</span> <span class='ocrx_word' id='word_1_86' title='bbox 551 2108 680 2180; x_wconf 89' lang='lat' dir='ltr'>urbem</span> <span class='ocrx_word' id='word_1_87' title='bbox 697 2109 913 2203; x_wconf 84' lang='lat' dir='ltr'>(Certimam</span> <span class='ocrx_word' id='word_1_88' title='bbox 937 2109 1117 2207; x_wconf 89' lang='lat' dir='ltr'>appellant</span> <span class='ocrx_word' id='word_1_89' title='bbox 1138 2110 1243 2180; x_wconf 90' lang='lat' dir='ltr'>Celti-</span> 
     </span>
     <span class='ocr_line' id='line_1_14' title="bbox 175 2213 1241 2318; baseline 0.001 -29"><span class='ocrx_word' id='word_1_90' title='bbox 175 2218 277 2315; x_wconf 81' lang='lat' dir='ltr'>beri)</span> <span class='ocrx_word' id='word_1_91' title='bbox 297 2223 469 2318; x_wconf 85' lang='lat' dir='ltr'>pervenit.</span> <span class='ocrx_word' id='word_1_92' title='bbox 489 2219 560 2291; x_wconf 91' lang='lat' dir='ltr'>Ubi</span> <span class='ocrx_word' id='word_1_93' title='bbox 578 2244 692 2316; x_wconf 93' lang='lat' dir='ltr'>quum</span> <span class='ocrx_word' id='word_1_94' title='bbox 708 2220 781 2314; x_wconf 88' lang='lat' dir='ltr'>jam</span> <span class='ocrx_word' id='word_1_95' title='bbox 801 2244 911 2317; x_wconf 90' lang='lat' dir='ltr'>opera</span> <span class='ocrx_word' id='word_1_96' title='bbox 935 2213 1162 2307; x_wconf 83' lang='lat' dir='ltr'>admoveret,</span> <span class='ocrx_word' id='word_1_97' title='bbox 1181 2247 1241 2290; x_wconf 89' lang='lat' dir='ltr'>ve-</span> 
     </span>
     <span class='ocr_line' id='line_1_15' title="bbox 107 2330 1243 2429; baseline 0.001 -29"><span class='ocrx_word' id='word_1_98' title='bbox 107 2385 110 2388; x_wconf 69' lang='lat'><strong>.</strong></span> <span class='ocrx_word' id='word_1_99' title='bbox 177 2332 282 2402; x_wconf 89' lang='lat' dir='ltr'>niunt</span> <span class='ocrx_word' id='word_1_100' title='bbox 300 2331 405 2428; x_wconf 84' lang='lat' dir='ltr'>legati</span> <span class='ocrx_word' id='word_1_101' title='bbox 429 2357 474 2403; x_wconf 87' lang='lat' dir='ltr'>ex</span> <span class='ocrx_word' id='word_1_102' title='bbox 494 2330 652 2429; x_wconf 89' lang='lat' dir='ltr'>oppid0,</span> <span class='ocrx_word' id='word_1_103' title='bbox 672 2355 828 2426; x_wconf 89' lang='lat' dir='ltr'>quorum</span> <span class='ocrx_word' id='word_1_104' title='bbox 849 2355 966 2402; x_wconf 87' lang='lat' dir='ltr'>sermo</span> <span class='ocrx_word' id='word_1_105' title='bbox 984 2333 1138 2428; x_wconf 68' lang='lat' dir='ltr'>antiquae</span> <span class='ocrx_word' id='word_1_106' title='bbox 1160 2333 1243 2402; x_wconf 93' lang='lat' dir='ltr'>sim-</span> 
     </span>
     <span class='ocr_line' id='line_1_16' title="bbox 177 2439 1242 2537; baseline 0.002 -28"><span class='ocrx_word' id='word_1_107' title='bbox 177 2440 340 2537; x_wconf 88' lang='lat' dir='ltr'>plicitatis</span> <span class='ocrx_word' id='word_1_108' title='bbox 354 2440 442 2525; x_wconf 83' lang='lat' dir='ltr'>fuit,</span> <span class='ocrx_word' id='word_1_109' title='bbox 458 2465 531 2511; x_wconf 92' lang='lat' dir='ltr'>non</span> <span class='ocrx_word' id='word_1_110' title='bbox 550 2439 849 2511; x_wconf 88' lang='lat' dir='ltr'>dissimulantium</span> <span class='ocrx_word' id='word_1_111' title='bbox 864 2441 1057 2511; x_wconf 89' lang='lat' dir='ltr'>bellaturos</span> <span class='ocrx_word' id='word_1_112' title='bbox 1065 2452 1092 2527; x_wconf 85' lang='lat'>²,</span> <span class='ocrx_word' id='word_1_113' title='bbox 1107 2444 1136 2511; x_wconf 90' lang='lat' dir='ltr'>si</span> <span class='ocrx_word' id='word_1_114' title='bbox 1149 2444 1242 2514; x_wconf 87' lang='lat' dir='ltr'>vires</span> 
     </span>
     <span class='ocr_line' id='line_1_17' title="bbox 176 2551 1240 2636; baseline 0.004 -17"><span class='ocrx_word' id='word_1_115' title='bbox 176 2565 304 2620; x_wconf 88' lang='lat' dir='ltr'>essent.</span> <span class='ocrx_word' id='word_1_116' title='bbox 320 2551 503 2620; x_wconf 87' lang='lat' dir='ltr'>Petierunt</span> <span class='ocrx_word' id='word_1_117' title='bbox 520 2552 634 2636; x_wconf 88' lang='lat' dir='ltr'>enim,</span> <span class='ocrx_word' id='word_1_118' title='bbox 655 2565 695 2621; x_wconf 92' lang='lat' dir='ltr'>ut</span> <span class='ocrx_word' id='word_1_119' title='bbox 713 2551 782 2622; x_wconf 92' lang='lat' dir='ltr'>sibi</span> <span class='ocrx_word' id='word_1_120' title='bbox 795 2554 831 2620; x_wconf 91' lang='lat' dir='ltr'>in</span> <span class='ocrx_word' id='word_1_121' title='bbox 847 2567 960 2622; x_wconf 88' lang='lat' dir='ltr'>castra</span> <span class='ocrx_word' id='word_1_122' title='bbox 978 2551 1240 2623; x_wconf 88' lang='lat' dir='ltr'>Celtiberorum</span> 
     </span>
     <span class='ocr_line' id='line_1_18' title="bbox 176 2657 1241 2759; baseline 0.006 -32"><span class='ocrx_word' id='word_1_123' title='bbox 176 2660 228 2729; x_wconf 89' lang='lat' dir='ltr'>ire</span> <span class='ocrx_word' id='word_1_124' title='bbox 240 2657 364 2729; x_wconf 88' lang='lat' dir='ltr'>liceret</span> <span class='ocrx_word' id='word_1_125' title='bbox 376 2658 422 2729; x_wconf 91' lang='lat' dir='ltr'>ad</span> <span class='ocrx_word' id='word_1_126' title='bbox 437 2659 566 2730; x_wconf 86' lang='lat' dir='ltr'>auxilia</span> <span class='ocrx_word' id='word_1_127' title='bbox 580 2660 805 2757; x_wconf 88' lang='lat' dir='ltr'>accipienda:</span> <span class='ocrx_word' id='word_1_128' title='bbox 821 2663 848 2731; x_wconf 92' lang='lat' dir='ltr'>si</span> <span class='ocrx_word' id='word_1_129' title='bbox 865 2658 959 2730; x_wconf 79' lang='lat' dir='ltr'>non³</span> <span class='ocrx_word' id='word_1_130' title='bbox 975 2662 1241 2759; x_wconf 87' lang='lat' dir='ltr'>impetrassent,</span> 
     </span>
    </p>
   </div>
   <div class='ocr_carea' id='block_1_2' title="bbox 175 2932 1261 4578">
    <p class='ocr_par' dir='ltr' id='par_1_3' title="bbox 175 2932 1243 3630">
     <span class='ocr_line' id='line_1_19' title="bbox 215 2932 1243 2997; baseline 0.002 -19"><span class='ocrx_word' id='word_1_131' title='bbox 215 2948 253 2979; x_wconf 88' lang='lat'>10.</span> <span class='ocrx_word' id='word_1_132' title='bbox 264 2934 295 2979; x_wconf 87' lang='lat' dir='ltr'>Ut</span> <span class='ocrx_word' id='word_1_133' title='bbox 302 2933 414 2996; x_wconf 70' lang='lat' dir='ltr'>pecunia</span> <span class='ocrx_word' id='word_1_134' title='bbox 425 2948 520 2980; x_wconf 88' lang='lat' dir='ltr'>summa</span> <span class='ocrx_word' id='word_1_135' title='bbox 529 2932 688 2981; x_wconf 81' lang='lat' dir='ltr'>sibi...attrt&#39;·</span> <span class='ocrx_word' id='word_1_136' title='bbox 733 2933 788 2980; x_wconf 85' lang='lat' dir='ltr'>nius</span> <span class='ocrx_word' id='word_1_137' title='bbox 802 2933 827 2979; x_wconf 88' lang='lat' dir='ltr'>in</span> <span class='ocrx_word' id='word_1_138' title='bbox 844 2933 916 2996; x_wconf 84' lang='lat' dir='ltr'>Hisp.</span> <span class='ocrx_word' id='word_1_139' title='bbox 935 2947 988 2996; x_wconf 78' lang='lat' dir='ltr'>cap.</span> <span class='ocrx_word' id='word_1_140' title='bbox 1008 2933 1050 2980; x_wconf 76' lang='lat'>25.</span> <span class='ocrx_word' id='word_1_141' title='bbox 1064 2933 1126 2979; x_wconf 82' lang='lat' dir='ltr'>lllox</span> <span class='ocrx_word' id='word_1_142' title='bbox 1142 2933 1183 2980; x_wconf 85' lang='lat' dir='ltr'>cui</span> <span class='ocrx_word' id='word_1_143' title='bbox 1197 2950 1243 2997; x_wconf 87' lang='lat' dir='ltr'>pro</span> 
     </span>
     <span class='ocr_line' id='line_1_20' title="bbox 177 3011 932 3073; baseline 0.001 -15"><span class='ocrx_word' id='word_1_144' title='bbox 177 3012 306 3067; x_wconf 60' lang='lat' dir='ltr'>borretum·</span> <span class='ocrx_word' id='word_1_145' title='bbox 322 3011 378 3060; x_wconf 79' lang='lat' dir='ltr'>vida</span> <span class='ocrx_word' id='word_1_146' title='bbox 392 3011 423 3058; x_wconf 83' lang='lat' dir='ltr'>ad</span> <span class='ocrx_word' id='word_1_147' title='bbox 435 3013 532 3072; x_wconf 81' lang='lat' dir='ltr'>xxtv,</span> <span class='ocrx_word' id='word_1_148' title='bbox 544 3014 590 3069; x_wconf 85' lang='lat'>18,</span> <span class='ocrx_word' id='word_1_149' title='bbox 607 3028 631 3059; x_wconf 90' lang='lat' dir='ltr'>n.</span> <span class='ocrx_word' id='word_1_150' title='bbox 648 3027 686 3060; x_wconf 68' lang='grc' dir='ltr'>ια.</span> <span class='ocrx_word' id='word_1_151' title='bbox 732 3011 775 3059; x_wconf 83' lang='lat' dir='ltr'>ubi</span> <span class='ocrx_word' id='word_1_152' title='bbox 783 3014 850 3073; x_wconf 84' lang='lat' dir='ltr'>conj.</span> <span class='ocrx_word' id='word_1_153' title='bbox 861 3013 932 3060; x_wconf 85' lang='lat' dir='ltr'>Crev.</span> 
     </span>
     <span class='ocr_line' id='line_1_21' title="bbox 176 3090 1240 3155; baseline 0.003 -20"><span class='ocrx_word' id='word_1_154' title='bbox 176 3090 328 3155; x_wconf 74' lang='lat' dir='ltr'>-Vectigal</span> <span class='ocrx_word' id='word_1_155' title='bbox 337 3108 445 3141; x_wconf 85' lang='lat' dir='ltr'>annuum</span> <span class='ocrx_word' id='word_1_156' title='bbox 456 3091 555 3154; x_wconf 75' lang='lat' dir='ltr'>aliquod</span> <span class='ocrx_word' id='word_1_157' title='bbox 565 3091 646 3155; x_wconf 90' lang='lat' dir='ltr'>‚quod</span> <span class='ocrx_word' id='word_1_158' title='bbox 660 3092 686 3138; x_wconf 86' lang='lat' dir='ltr'>in</span> <span class='ocrx_word' id='word_1_159' title='bbox 766 3108 790 3138; x_wconf 80' lang='lat' dir='ltr'>a.</span> <span class='ocrx_word' id='word_1_160' title='bbox 810 3093 865 3139; x_wconf 86' lang='lat' dir='ltr'>Non</span> <span class='ocrx_word' id='word_1_161' title='bbox 878 3090 1079 3139; x_wconf 75' lang='lat' dir='ltr'>dissimulantium</span> <span class='ocrx_word' id='word_1_162' title='bbox 1092 3092 1240 3145; x_wconf 76' lang='lat' dir='ltr'>bellaturos,</span> 
     </span>
     <span class='ocr_line' id='line_1_22' title="bbox 176 3171 1242 3236; baseline 0.001 -19"><span class='ocrx_word' id='word_1_163' title='bbox 176 3186 228 3217; x_wconf 80' lang='lat' dir='ltr'>eam</span> <span class='ocrx_word' id='word_1_164' title='bbox 247 3187 297 3217; x_wconf 86' lang='lat' dir='ltr'>rem</span> <span class='ocrx_word' id='word_1_165' title='bbox 311 3187 361 3218; x_wconf 87' lang='lat' dir='ltr'>uno</span> <span class='ocrx_word' id='word_1_166' title='bbox 381 3182 474 3219; x_wconf 80' lang='lat' dir='ltr'>tanturn</span> <span class='ocrx_word' id='word_1_167' title='bbox 491 3188 556 3219; x_wconf 81' lang='lat' dir='ltr'>anno</span> <span class='ocrx_word' id='word_1_168' title='bbox 570 3171 686 3235; x_wconf 80' lang='lat' dir='ltr'>pendere·</span> <span class='ocrx_word' id='word_1_169' title='bbox 731 3171 786 3219; x_wconf 84' lang='lat' dir='ltr'>cod.</span> <span class='ocrx_word' id='word_1_170' title='bbox 799 3171 1242 3236; x_wconf 68' lang='lat' dir='ltr'>Mag.rebellaturos(repu5mamros</span> 
     </span>
     <span class='ocr_line' id='line_1_23' title="bbox 175 3249 1242 3314; baseline 0.002 -18"><span class='ocrx_word' id='word_1_171' title='bbox 175 3261 230 3307; x_wconf 84' lang='lat' dir='ltr'>tur,</span> <span class='ocrx_word' id='word_1_172' title='bbox 242 3249 357 3313; x_wconf 86' lang='lat' dir='ltr'>quodque</span> <span class='ocrx_word' id='word_1_173' title='bbox 370 3249 481 3314; x_wconf 84' lang='lat' dir='ltr'>pluribus</span> <span class='ocrx_word' id='word_1_174' title='bbox 492 3251 570 3298; x_wconf 83' lang='lat' dir='ltr'>verbis</span> <span class='ocrx_word' id='word_1_175' title='bbox 584 3268 635 3298; x_wconf 89' lang='lat' dir='ltr'>non</span> <span class='ocrx_word' id='word_1_176' title='bbox 648 3268 688 3298; x_wconf 81' lang='lat' dir='ltr'>ex·</span> <span class='ocrx_word' id='word_1_177' title='bbox 732 3249 787 3299; x_wconf 88' lang='lat' dir='ltr'>edd.</span> <span class='ocrx_word' id='word_1_178' title='bbox 797 3262 853 3298; x_wconf 86' lang='lat' dir='ltr'>ante</span> <span class='ocrx_word' id='word_1_179' title='bbox 862 3249 935 3298; x_wconf 84' lang='lat' dir='ltr'>Frob.</span> <span class='ocrx_word' id='word_1_180' title='bbox 946 3267 968 3297; x_wconf 84' lang='lat' dir='ltr'>a.</span> <span class='ocrx_word' id='word_1_181' title='bbox 983 3251 1049 3297; x_wconf 80' lang='lat'>1585</span> <span class='ocrx_word' id='word_1_182' title='bbox 1058 3250 1159 3312; x_wconf 86' lang='lat' dir='ltr'>).—-Ad</span> <span class='ocrx_word' id='word_1_183' title='bbox 1168 3252 1242 3298; x_wconf 76' lang='lat' dir='ltr'>auxi·</span> 
     </span>
     <span class='ocr_line' id='line_1_24' title="bbox 178 3327 1242 3394; baseline 0 -19"><span class='ocrx_word' id='word_1_184' title='bbox 178 3327 296 3392; x_wconf 83' lang='lat' dir='ltr'>plicatur,</span> <span class='ocrx_word' id='word_1_185' title='bbox 309 3329 366 3392; x_wconf 84' lang='lat' dir='ltr'>quia</span> <span class='ocrx_word' id='word_1_186' title='bbox 383 3346 421 3376; x_wconf 82' lang='lat' dir='ltr'>res</span> <span class='ocrx_word' id='word_1_187' title='bbox 434 3330 574 3394; x_wconf 75' lang='lat' dir='ltr'>perudgala</span> <span class='ocrx_word' id='word_1_188' title='bbox 594 3342 644 3378; x_wconf 82' lang='lat' dir='ltr'>erat</span> <span class='ocrx_word' id='word_1_189' title='bbox 662 3342 687 3379; x_wconf 85' lang='lat' dir='ltr'>et</span> <span class='ocrx_word' id='word_1_190' title='bbox 731 3328 766 3375; x_wconf 89' lang='lat' dir='ltr'>lia</span> <span class='ocrx_word' id='word_1_191' title='bbox 780 3328 938 3393; x_wconf 80' lang='lat' dir='ltr'>accipianda,</span> <span class='ocrx_word' id='word_1_192' title='bbox 950 3329 1025 3376; x_wconf 88' lang='lat' dir='ltr'>immo</span> <span class='ocrx_word' id='word_1_193' title='bbox 1036 3328 1171 3384; x_wconf 84' lang='lat' dir='ltr'>accienda‚·</span> <span class='ocrx_word' id='word_1_194' title='bbox 1183 3330 1242 3377; x_wconf 68' lang='lat' dir='ltr'>rib.</span> 
     </span>
     <span class='ocr_line' id='line_1_25' title="bbox 175 3407 1242 3474; baseline 0.002 -20"><span class='ocrx_word' id='word_1_195' title='bbox 175 3407 289 3456; x_wconf 82' lang='lat' dir='ltr'>omnibus</span> <span class='ocrx_word' id='word_1_196' title='bbox 300 3420 373 3467; x_wconf 87' lang='lat' dir='ltr'>nota;</span> <span class='ocrx_word' id='word_1_197' title='bbox 388 3410 458 3457; x_wconf 81' lang='lat' dir='ltr'>Crev.</span> <span class='ocrx_word' id='word_1_198' title='bbox 474 3413 551 3457; x_wconf 87' lang='lat' dir='ltr'>lmnro</span> <span class='ocrx_word' id='word_1_199' title='bbox 565 3411 686 3474; x_wconf 77' lang='lat' dir='ltr'>integrum</span> <span class='ocrx_word' id='word_1_200' title='bbox 769 3410 791 3455; x_wconf 82' lang='lat'>3.</span> <span class='ocrx_word' id='word_1_201' title='bbox 804 3408 886 3456; x_wconf 87' lang='lat' dir='ltr'>Sinon</span> <span class='ocrx_word' id='word_1_202' title='bbox 898 3409 1077 3471; x_wconf 80' lang='lat' dir='ltr'>impetrassent,</span> <span class='ocrx_word' id='word_1_203' title='bbox 1092 3425 1125 3454; x_wconf 85' lang='lat' dir='ltr'>sc.</span> <span class='ocrx_word' id='word_1_204' title='bbox 1137 3408 1242 3465; x_wconf 79' lang='lat' dir='ltr'>auxilia,</span> 
     </span>
     <span class='ocr_line' id='line_1_26' title="bbox 177 3486 1241 3553; baseline 0.002 -20"><span class='ocrx_word' id='word_1_205' title='bbox 177 3488 293 3551; x_wconf 71' lang='lat' dir='ltr'>vectigal,</span> <span class='ocrx_word' id='word_1_206' title='bbox 306 3489 356 3536; x_wconf 84' lang='lat' dir='ltr'>sive</span> <span class='ocrx_word' id='word_1_207' title='bbox 374 3489 455 3537; x_wconf 79' lang='lat' dir='ltr'>omnia</span> <span class='ocrx_word' id='word_1_208' title='bbox 470 3489 596 3553; x_wconf 78' lang='lat' dir='ltr'>vectigalia</span> <span class='ocrx_word' id='word_1_209' title='bbox 614 3489 687 3552; x_wconf 82' lang='lat' dir='ltr'>hujus</span> <span class='ocrx_word' id='word_1_210' title='bbox 732 3499 782 3533; x_wconf 82' lang='lat' dir='ltr'>tum</span> <span class='ocrx_word' id='word_1_211' title='bbox 798 3504 824 3534; x_wconf 89' lang='lat' dir='ltr'>se</span> <span class='ocrx_word' id='word_1_212' title='bbox 841 3488 991 3534; x_wconf 75' lang='lat' dir='ltr'>consulturos</span> <span class='ocrx_word' id='word_1_213' title='bbox 1003 3504 1043 3533; x_wconf 83' lang='lat' dir='ltr'>eos</span> <span class='ocrx_word' id='word_1_214' title='bbox 1057 3486 1192 3535; x_wconf 82' lang='lat' dir='ltr'>Celtiberos</span> <span class='ocrx_word' id='word_1_215' title='bbox 1206 3504 1241 3535; x_wconf 87' lang='lat' dir='ltr'>se·</span> 
     </span>
     <span class='ocr_line' id='line_1_27' title="bbox 176 3567 1243 3630; baseline -0.001 -15"><span class='ocrx_word' id='word_1_216' title='bbox 176 3567 248 3627; x_wconf 54' lang='lat' dir='ltr'>anuh</span> <span class='ocrx_word' id='word_1_217' title='bbox 261 3568 337 3616; x_wconf 74' lang='lat' dir='ltr'>urst.</span> <span class='ocrx_word' id='word_1_218' title='bbox 348 3569 420 3616; x_wconf 86' lang='lat' dir='ltr'>Conf.</span> <span class='ocrx_word' id='word_1_219' title='bbox 431 3568 462 3616; x_wconf 80' lang='lat' dir='ltr'>ad</span> <span class='ocrx_word' id='word_1_220' title='bbox 472 3570 562 3625; x_wconf 78' lang='lat' dir='ltr'>xLIV,</span> <span class='ocrx_word' id='word_1_221' title='bbox 574 3569 616 3627; x_wconf 83' lang='lat'>16,</span> <span class='ocrx_word' id='word_1_222' title='bbox 626 3585 650 3617; x_wconf 90' lang='lat' dir='ltr'>u.</span> <span class='ocrx_word' id='word_1_223' title='bbox 663 3585 686 3628; x_wconf 79' lang='lat'>7.</span> <span class='ocrx_word' id='word_1_224' title='bbox 730 3568 839 3628; x_wconf 77' lang='lat' dir='ltr'>paratim</span> <span class='ocrx_word' id='word_1_225' title='bbox 849 3568 882 3614; x_wconf 79' lang='lat' dir='ltr'>ab</span> <span class='ocrx_word' id='word_1_226' title='bbox 894 3567 941 3615; x_wconf 83' lang='lat' dir='ltr'>illis</span> <span class='ocrx_word' id='word_1_227' title='bbox 952 3567 1081 3630; x_wconf 81' lang='lat' dir='ltr'>oppidanis</span> <span class='ocrx_word' id='word_1_228' title='bbox 1091 3580 1097 3612; x_wconf 76' lang='grc' dir='ltr'>ε</span> <span class='ocrx_word' id='word_1_229' title='bbox 1108 3582 1137 3612; x_wconf 84' lang='lat' dir='ltr'>nn</span> <span class='ocrx_word' id='word_1_230' title='bbox 1151 3582 1190 3613; x_wconf 84' lang='lat' dir='ltr'>eos</span> <span class='ocrx_word' id='word_1_231' title='bbox 1201 3583 1243 3630; x_wconf 91' lang='lat' dir='ltr'>op-</span> 
     </span>
    </p>

    <p class='ocr_par' dir='ltr' id='par_1_4' title="bbox 175 3645 1261 4578">
     <span class='ocr_line' id='line_1_28' title="bbox 210 3645 1243 3710; baseline -0.006 -12"><span class='ocrx_word' id='word_1_232' title='bbox 210 3649 269 3698; x_wconf 73' lang='lat' dir='ltr'>Csr.</span> <span class='ocrx_word' id='word_1_233' title='bbox 289 3649 391 3696; x_wconf 77' lang='lat' dir='ltr'>xnvn.</span> <span class='ocrx_word' id='word_1_234' title='bbox 415 3665 435 3697; x_wconf 86' lang='lat'>1.</span> <span class='ocrx_word' id='word_1_235' title='bbox 458 3646 579 3695; x_wconf 81' lang='lat' dir='ltr'>Mundam</span> <span class='ocrx_word' id='word_1_236' title='bbox 605 3649 686 3696; x_wconf 85' lang='lat' dir='ltr'>urbem</span> <span class='ocrx_word' id='word_1_237' title='bbox 730 3646 834 3707; x_wconf 81' lang='lat' dir='ltr'>pidanos</span> <span class='ocrx_word' id='word_1_238' title='bbox 848 3645 980 3710; x_wconf 86' lang='lat' dir='ltr'>separatim</span> <span class='ocrx_word' id='word_1_239' title='bbox 991 3646 1022 3691; x_wconf 83' lang='lat' dir='ltr'>ab</span> <span class='ocrx_word' id='word_1_240' title='bbox 1037 3645 1083 3692; x_wconf 83' lang='lat' dir='ltr'>illis</span> <span class='ocrx_word' id='word_1_241' title='bbox 1096 3645 1243 3693; x_wconf 77' lang='lat' dir='ltr'>Celtiberis?</span> 
     </span>
     <span class='ocr_line' id='line_1_29' title="bbox 179 3724 1241 3791; baseline -0.001 -19"><span class='ocrx_word' id='word_1_242' title='bbox 179 3726 251 3789; x_wconf 83' lang='lat' dir='ltr'>(vide</span> <span class='ocrx_word' id='word_1_243' title='bbox 263 3726 293 3774; x_wconf 79' lang='lat' dir='ltr'>ad</span> <span class='ocrx_word' id='word_1_244' title='bbox 311 3728 407 3784; x_wconf 75' lang='lat' dir='ltr'>xm,</span> <span class='ocrx_word' id='word_1_245' title='bbox 426 3735 475 3788; x_wconf 66' lang='lat' dir='ltr'>aa,</span> <span class='ocrx_word' id='word_1_246' title='bbox 489 3743 516 3775; x_wconf 89' lang='lat' dir='ltr'>n.</span> <span class='ocrx_word' id='word_1_247' title='bbox 540 3726 573 3791; x_wconf 85' lang='grc' dir='ltr'>ι)</span> <span class='ocrx_word' id='word_1_248' title='bbox 580 3726 686 3788; x_wconf 84' lang='lat' dir='ltr'>primum</span> <span class='ocrx_word' id='word_1_249' title='bbox 731 3727 786 3773; x_wconf 83' lang='lat' dir='ltr'>Hoc</span> <span class='ocrx_word' id='word_1_250' title='bbox 802 3726 896 3791; x_wconf 57' lang='lat' dir='ltr'>aptium</span> <span class='ocrx_word' id='word_1_251' title='bbox 914 3725 1101 3788; x_wconf 73' lang='lat' dir='ltr'>seductoriique</span> <span class='ocrx_word' id='word_1_252' title='bbox 1118 3724 1180 3770; x_wconf 81' lang='lat' dir='ltr'>male</span> <span class='ocrx_word' id='word_1_253' title='bbox 1200 3740 1241 3771; x_wconf 82' lang='lat' dir='ltr'>ex-</span> 
     </span>
     <span class='ocr_line' id='line_1_30' title="bbox 176 3803 1243 3870; baseline -0.005 -18"><span class='ocrx_word' id='word_1_254' title='bbox 176 3806 204 3852; x_wconf 81' lang='lat' dir='ltr'>vi</span> <span class='ocrx_word' id='word_1_255' title='bbox 213 3805 288 3870; x_wconf 83' lang='lat' dir='ltr'>cepit,</span> <span class='ocrx_word' id='word_1_256' title='bbox 302 3823 337 3854; x_wconf 85' lang='lat' dir='ltr'>sc.</span> <span class='ocrx_word' id='word_1_257' title='bbox 350 3806 507 3869; x_wconf 84' lang='lat' dir='ltr'>Sempronius</span> <span class='ocrx_word' id='word_1_258' title='bbox 518 3803 686 3853; x_wconf 68' lang='lat' dir='ltr'>Gracchus-</span> <span class='ocrx_word' id='word_1_259' title='bbox 730 3821 853 3867; x_wconf 78' lang='lat' dir='ltr'>pressum,</span> <span class='ocrx_word' id='word_1_260' title='bbox 865 3818 915 3852; x_wconf 87' lang='lat' dir='ltr'>tum</span> <span class='ocrx_word' id='word_1_261' title='bbox 934 3821 952 3850; x_wconf 89' lang='lat' dir='ltr'>s.</span> <span class='ocrx_word' id='word_1_262' title='bbox 968 3803 1103 3866; x_wconf 83' lang='lat' dir='ltr'>oppidanos</span> <span class='ocrx_word' id='word_1_263' title='bbox 1121 3803 1168 3850; x_wconf 83' lang='lat' dir='ltr'>sili</span> <span class='ocrx_word' id='word_1_264' title='bbox 1185 3820 1243 3849; x_wconf 86' lang='lat' dir='ltr'>con·</span> 
     </span>
     <span class='ocr_line' id='line_1_31' title="bbox 179 3881 1245 3949; baseline -0.003 -18"><span class='ocrx_word' id='word_1_265' title='bbox 179 3887 338 3948; x_wconf 75' lang='lat' dir='ltr'>oppugnare,</span> <span class='ocrx_word' id='word_1_266' title='bbox 357 3885 418 3931; x_wconf 82' lang='lat' dir='ltr'>forte</span> <span class='ocrx_word' id='word_1_267' title='bbox 432 3900 589 3949; x_wconf 75' lang='lat' dir='ltr'>exprtgnare;</span> <span class='ocrx_word' id='word_1_268' title='bbox 609 3886 686 3931; x_wconf 87' lang='lat' dir='ltr'>Gron.</span> <span class='ocrx_word' id='word_1_269' title='bbox 730 3883 834 3931; x_wconf 84' lang='lat' dir='ltr'>sultnros</span> <span class='ocrx_word' id='word_1_270' title='bbox 845 3884 909 3944; x_wconf 84' lang='lat' dir='ltr'>conj.</span> <span class='ocrx_word' id='word_1_271' title='bbox 919 3884 995 3929; x_wconf 89' lang='lat' dir='ltr'>Grou.</span> <span class='ocrx_word' id='word_1_272' title='bbox 1006 3893 1056 3928; x_wconf 83' lang='lat' dir='ltr'>tum</span> <span class='ocrx_word' id='word_1_273' title='bbox 1067 3898 1086 3929; x_wconf 87' lang='lat' dir='ltr'>s.</span> <span class='ocrx_word' id='word_1_274' title='bbox 1097 3882 1129 3927; x_wconf 86' lang='lat' dir='ltr'>ab</span> <span class='ocrx_word' id='word_1_275' title='bbox 1138 3881 1186 3929; x_wconf 79' lang='lat' dir='ltr'>illis</span> <span class='ocrx_word' id='word_1_276' title='bbox 1195 3882 1245 3928; x_wconf 78' lang='lat' dir='ltr'>sibi</span> 
     </span>
     <span class='ocr_line' id='line_1_32' title="bbox 177 3958 1242 4010; baseline -0.003 -2"><span class='ocrx_word' id='word_1_277' title='bbox 177 3989 211 4000; x_wconf 88' lang='lat'><em>-</em></span> <span class='ocrx_word' id='word_1_278' title='bbox 233 3962 395 4009; x_wconf 69' lang='lat' dir='ltr'>Praevalidarn</span> <span class='ocrx_word' id='word_1_279' title='bbox 412 3963 488 4010; x_wconf 82' lang='lat' dir='ltr'>aliam</span> <span class='ocrx_word' id='word_1_280' title='bbox 509 3963 590 4010; x_wconf 81' lang='lat' dir='ltr'>urbem</span> <span class='ocrx_word' id='word_1_281' title='bbox 613 3963 687 4010; x_wconf 81' lang='lat' dir='ltr'>Carti·</span> <span class='ocrx_word' id='word_1_282' title='bbox 731 3977 752 4010; x_wconf 84' lang='lat' dir='ltr'>c.</span> <span class='ocrx_word' id='word_1_283' title='bbox 766 3962 861 4009; x_wconf 82' lang='lat' dir='ltr'>Crever.</span> <span class='ocrx_word' id='word_1_284' title='bbox 875 3973 900 4008; x_wconf 83' lang='lat' dir='ltr'>et</span> <span class='ocrx_word' id='word_1_285' title='bbox 916 3973 966 4009; x_wconf 85' lang='lat' dir='ltr'>tum</span> <span class='ocrx_word' id='word_1_286' title='bbox 980 3977 1000 4006; x_wconf 90' lang='lat' dir='ltr'>s.</span> <span class='ocrx_word' id='word_1_287' title='bbox 1015 3958 1106 4006; x_wconf 77' lang='lat' dir='ltr'>sitiat</span> <span class='ocrx_word' id='word_1_288' title='bbox 1121 3959 1204 4006; x_wconf 80' lang='lat' dir='ltr'>illissa</span> <span class='ocrx_word' id='word_1_289' title='bbox 1219 3979 1242 4007; x_wconf 79' lang='lat' dir='ltr'>c.</span> 
     </span>
     <span class='ocr_line' id='line_1_33' title="bbox 177 4038 1261 4102; baseline -0.002 -14"><span class='ocrx_word' id='word_1_290' title='bbox 177 4057 259 4088; x_wconf 85' lang='lat' dir='ltr'>mam:</span> <span class='ocrx_word' id='word_1_291' title='bbox 273 4057 327 4102; x_wconf 82' lang='lat' dir='ltr'>quae</span> <span class='ocrx_word' id='word_1_292' title='bbox 341 4041 393 4088; x_wconf 81' lang='lat' dir='ltr'>aliis</span> <span class='ocrx_word' id='word_1_293' title='bbox 408 4043 525 4089; x_wconf 78' lang='lat' dir='ltr'>Cartana</span> <span class='ocrx_word' id='word_1_294' title='bbox 540 4053 564 4088; x_wconf 80' lang='lat' dir='ltr'>tt</span> <span class='ocrx_word' id='word_1_295' title='bbox 578 4042 686 4088; x_wconf 81' lang='lat' dir='ltr'>Cartima</span> <span class='ocrx_word' id='word_1_296' title='bbox 731 4040 804 4088; x_wconf 81' lang='lat' dir='ltr'>Drnlr.</span> <span class='ocrx_word' id='word_1_297' title='bbox 822 4043 862 4087; x_wconf 84' lang='lat' dir='ltr'>An</span> <span class='ocrx_word' id='word_1_298' title='bbox 876 4040 923 4102; x_wconf 79' lang='lat' dir='ltr'>leg.</span> <span class='ocrx_word' id='word_1_299' title='bbox 935 4051 985 4086; x_wconf 87' lang='lat' dir='ltr'>tum</span> <span class='ocrx_word' id='word_1_300' title='bbox 995 4038 1126 4101; x_wconf 84' lang='lat' dir='ltr'>separatim</span> <span class='ocrx_word' id='word_1_301' title='bbox 1142 4055 1198 4085; x_wconf 88' lang='lat' dir='ltr'>snos</span> <span class='ocrx_word' id='word_1_302' title='bbox 1209 4040 1242 4086; x_wconf 73' lang='lat' dir='ltr'>ab</span> <span class='ocrx_word' id='word_1_303' title='bbox 1257 4049 1261 4055; x_wconf 91' lang='lat'><em>&#39;</em></span> 
     </span>
     <span class='ocr_line' id='line_1_34' title="bbox 178 4116 1242 4183; baseline -0.002 -16"><span class='ocrx_word' id='word_1_304' title='bbox 178 4119 282 4177; x_wconf 81' lang='lat' dir='ltr'>dicitur,</span> <span class='ocrx_word' id='word_1_305' title='bbox 301 4136 346 4166; x_wconf 85' lang='lat' dir='ltr'>nec</span> <span class='ocrx_word' id='word_1_306' title='bbox 367 4119 440 4183; x_wconf 81' lang='lat' dir='ltr'>longe</span> <span class='ocrx_word' id='word_1_307' title='bbox 461 4120 539 4167; x_wconf 79' lang='lat' dir='ltr'>abluit</span> <span class='ocrx_word' id='word_1_308' title='bbox 552 4136 565 4166; x_wconf 83' lang='lat' dir='ltr'>a</span> <span class='ocrx_word' id='word_1_309' title='bbox 580 4120 683 4169; x_wconf 85' lang='lat' dir='ltr'>Munda.</span> <span class='ocrx_word' id='word_1_310' title='bbox 731 4119 778 4166; x_wconf 81' lang='lat' dir='ltr'>illis</span> <span class='ocrx_word' id='word_1_311' title='bbox 794 4116 1016 4180; x_wconf 67' lang='lat' dir='ltr'>(Celtiberislsibi</span> <span class='ocrx_word' id='word_1_312' title='bbox 1028 4118 1066 4165; x_wconf 85' lang='lat' dir='ltr'>vel</span> <span class='ocrx_word' id='word_1_313' title='bbox 1083 4133 1133 4163; x_wconf 79' lang='lat' dir='ltr'>ram</span> <span class='ocrx_word' id='word_1_314' title='bbox 1147 4119 1242 4165; x_wconf 87' lang='lat' dir='ltr'>consul-</span> 
     </span>
     <span class='ocr_line' id='line_1_35' title="bbox 176 4196 1242 4262; baseline -0.002 -16"><span class='ocrx_word' id='word_1_315' title='bbox 176 4198 338 4246; x_wconf 84' lang='lat' dir='ltr'>Pulehcrrima</span> <span class='ocrx_word' id='word_1_316' title='bbox 352 4198 502 4262; x_wconf 78' lang='lat' dir='ltr'>antiquitatis</span> <span class='ocrx_word' id='word_1_317' title='bbox 518 4210 686 4253; x_wconf 82' lang='lat' dir='ltr'>monuments,</span> <span class='ocrx_word' id='word_1_318' title='bbox 731 4204 820 4245; x_wconf 69' lang='lat' dir='ltr'>turos?</span> <span class='ocrx_word' id='word_1_319' title='bbox 831 4200 867 4245; x_wconf 84' lang='lat' dir='ltr'>lta</span> <span class='ocrx_word' id='word_1_320' title='bbox 880 4196 946 4261; x_wconf 84' lang='lat' dir='ltr'>apud</span> <span class='ocrx_word' id='word_1_321' title='bbox 956 4198 1015 4245; x_wconf 79' lang='lat' dir='ltr'>Caes.</span> <span class='ocrx_word' id='word_1_322' title='bbox 1026 4197 1086 4244; x_wconf 79' lang='lat' dir='ltr'>nell.</span> <span class='ocrx_word' id='word_1_323' title='bbox 1100 4197 1147 4243; x_wconf 83' lang='lat' dir='ltr'>civ.</span> <span class='ocrx_word' id='word_1_324' title='bbox 1159 4198 1182 4251; x_wconf 93' lang='lat'>1,</span> <span class='ocrx_word' id='word_1_325' title='bbox 1193 4198 1242 4256; x_wconf 83' lang='lat'>76,</span> 
     </span>
     <span class='ocr_line' id='line_1_36' title="bbox 177 4275 1241 4341; baseline -0.002 -17"><span class='ocrx_word' id='word_1_326' title='bbox 177 4294 199 4325; x_wconf 86' lang='grc' dir='ltr'>ι.</span> <span class='ocrx_word' id='word_1_327' title='bbox 217 4279 280 4335; x_wconf 71' lang='grc' dir='ltr'><em>ι’]ὅα</em></span> <span class='ocrx_word' id='word_1_328' title='bbox 300 4276 335 4323; x_wconf 91' lang='lat' dir='ltr'>ibi</span> <span class='ocrx_word' id='word_1_329' title='bbox 352 4286 445 4339; x_wconf 82' lang='lat' dir='ltr'>reperta</span> <span class='ocrx_word' id='word_1_330' title='bbox 458 4275 588 4338; x_wconf 78' lang='lat' dir='ltr'>,praecure</span> <span class='ocrx_word' id='word_1_331' title='bbox 601 4276 687 4323; x_wconf 83' lang='lat' dir='ltr'>deseri·</span> <span class='ocrx_word' id='word_1_332' title='bbox 730 4276 777 4325; x_wconf 84' lang='lat' dir='ltr'>sibi</span> <span class='ocrx_word' id='word_1_333' title='bbox 785 4277 916 4341; x_wconf 84' lang='lat' dir='ltr'>separatim</span> <span class='ocrx_word' id='word_1_334' title='bbox 929 4293 945 4322; x_wconf 91' lang='lat' dir='ltr'>a</span> <span class='ocrx_word' id='word_1_335' title='bbox 954 4275 1052 4338; x_wconf 86' lang='lat' dir='ltr'>reliquis</span> <span class='ocrx_word' id='word_1_336' title='bbox 1063 4275 1188 4322; x_wconf 84' lang='lat' dir='ltr'>consilinm</span> <span class='ocrx_word' id='word_1_337' title='bbox 1200 4293 1241 4322; x_wconf 82' lang='lat' dir='ltr'>oa·</span> 
     </span>
     <span class='ocr_line' id='line_1_37' title="bbox 175 4352 1241 4419; baseline -0.002 -17"><span class='ocrx_word' id='word_1_338' title='bbox 175 4356 225 4419; x_wconf 84' lang='lat' dir='ltr'>psit</span> <span class='ocrx_word' id='word_1_339' title='bbox 236 4358 326 4406; x_wconf 79' lang='lat' dir='ltr'>Carter.</span> <span class='ocrx_word' id='word_1_340' title='bbox 341 4354 408 4402; x_wconf 80' lang='lat' dir='ltr'>Reise</span> <span class='ocrx_word' id='word_1_341' title='bbox 418 4370 468 4400; x_wconf 79' lang='lat' dir='ltr'>von</span> <span class='ocrx_word' id='word_1_342' title='bbox 483 4352 610 4400; x_wconf 84' lang='lat' dir='ltr'>Gibraltar</span> <span class='ocrx_word' id='word_1_343' title='bbox 622 4355 685 4401; x_wconf 71' lang='lat' dir='ltr'>nacla</span> <span class='ocrx_word' id='word_1_344' title='bbox 727 4367 819 4418; x_wconf 83' lang='lat' dir='ltr'>ptaros.</span> <span class='ocrx_word' id='word_1_345' title='bbox 841 4384 872 4391; x_wconf 86' lang='lat'>-</span> <span class='ocrx_word' id='word_1_346' title='bbox 888 4355 1033 4418; x_wconf 84' lang='lat' dir='ltr'>Simpliciter</span> <span class='ocrx_word' id='word_1_347' title='bbox 1049 4355 1177 4419; x_wconf 79' lang='lat' dir='ltr'>legendum</span> <span class='ocrx_word' id='word_1_348' title='bbox 1191 4366 1241 4401; x_wconf 87' lang='lat' dir='ltr'>turn</span> 
     </span>
     <span class='ocr_line' id='line_1_38' title="bbox 180 4432 1238 4500; baseline 0 -20"><span class='ocrx_word' id='word_1_349' title='bbox 180 4437 297 4500; x_wconf 70' lang='lat' dir='ltr'>Malaga,</span> <span class='ocrx_word' id='word_1_350' title='bbox 313 4452 367 4498; x_wconf 82' lang='lat' dir='ltr'>pag.</span> <span class='ocrx_word' id='word_1_351' title='bbox 380 4443 428 4488; x_wconf 72' lang='lat' dir='ltr'>not</span> <span class='ocrx_word' id='word_1_352' title='bbox 442 4450 476 4494; x_wconf 85' lang='lat' dir='ltr'>sq.</span> <span class='ocrx_word' id='word_1_353' title='bbox 490 4432 617 4480; x_wconf 70' lang='lat' dir='ltr'>(neumam</span> <span class='ocrx_word' id='word_1_354' title='bbox 630 4449 686 4478; x_wconf 80' lang='lat' dir='ltr'>vcro</span> <span class='ocrx_word' id='word_1_355' title='bbox 731 4436 863 4497; x_wconf 84' lang='lat' dir='ltr'>separatim</span> <span class='ocrx_word' id='word_1_356' title='bbox 888 4451 926 4481; x_wconf 77' lang='lat' dir='ltr'>eos</span> <span class='ocrx_word' id='word_1_357' title='bbox 945 4435 977 4481; x_wconf 80' lang='lat' dir='ltr'>ab</span> <span class='ocrx_word' id='word_1_358' title='bbox 1002 4433 1048 4480; x_wconf 85' lang='lat' dir='ltr'>illis</span> <span class='ocrx_word' id='word_1_359' title='bbox 1071 4432 1238 4488; x_wconf 70' lang='lat' dir='ltr'>cornubianos,</span> 
     </span>
     <span class='ocr_line' id='line_1_39' title="bbox 178 4511 1241 4578; baseline 0 -19"><span class='ocrx_word' id='word_1_360' title='bbox 178 4513 244 4561; x_wconf 82' lang='lat' dir='ltr'>aliud</span> <span class='ocrx_word' id='word_1_361' title='bbox 260 4532 309 4564; x_wconf 84' lang='lat' dir='ltr'>esse</span> <span class='ocrx_word' id='word_1_362' title='bbox 328 4513 462 4578; x_wconf 87' lang='lat' dir='ltr'>oppidum,</span> <span class='ocrx_word' id='word_1_363' title='bbox 479 4512 547 4559; x_wconf 83' lang='lat' dir='ltr'>docet</span> <span class='ocrx_word' id='word_1_364' title='bbox 561 4513 622 4558; x_wconf 80' lang='lat' dir='ltr'>Lud.</span> <span class='ocrx_word' id='word_1_365' title='bbox 638 4511 688 4558; x_wconf 88' lang='lat' dir='ltr'>No·</span> <span class='ocrx_word' id='word_1_366' title='bbox 732 4525 802 4576; x_wconf 81' lang='lat' dir='ltr'>putat</span> <span class='ocrx_word' id='word_1_367' title='bbox 813 4515 951 4575; x_wconf 72' lang='lat' dir='ltr'>walchius,</span> <span class='ocrx_word' id='word_1_368' title='bbox 970 4514 1012 4576; x_wconf 82' lang='lat' dir='ltr'>qui</span> <span class='ocrx_word' id='word_1_369' title='bbox 1031 4524 1125 4561; x_wconf 82' lang='lat' dir='ltr'>nronet.</span> <span class='ocrx_word' id='word_1_370' title='bbox 1138 4512 1241 4560; x_wconf 82' lang='lat' dir='ltr'>Emend.</span> 
     </span>
    </p>
   </div>
   <div class='ocr_carea' id='block_1_3' title="bbox 0 0 1367 5040">
    <p class='ocr_par' dir='ltr' id='par_1_5' title="bbox 0 0 1367 5040">
     <span class='ocr_line' id='line_1_40' title="bbox 0 0 1367 5040; baseline 0 0"><span class='ocrx_word' id='word_1_371' title='bbox 0 0 1367 5040; x_wconf 95' lang='lat' dir='ltr'> </span> 
     </span>
    </p>
   </div>
  </div>
 </body>
</html>
