2722 5040
175 712 302 823 ῧῑὲῑὲξὲῑ
391 734 484 800 Lln.
512 735 588 801 xi..
617 735 721 801 cnr.
750 735 844 802 mv.
875 738 944 802 nv.
1143 735 1212 830 5¹9

146 854 235 924 bare
263 855 423 924 animum
456 856 549 950 regis
560 849 586 940 ⁵,
615 870 651 925 et
679 857 910 951 ingemiscere
940 856 1119 927 interdum
1147 857 1211 928 lilii

146 963 325 1059 desiderio
348 964 477 1049 sensit,
501 988 598 1034 nnnc
622 962 815 1060 praebendo
841 989 962 1046 amm,
988 990 1084 1036 nunc
1106 967 1211 1038 laces·

146 1074 260 1146 sendo
281 1075 387 1145 etiam
404 1075 625 1145 mentionem
641 1071 717 1145 rei6
737 1091 870 1147 temere
890 1091 992 1160 actae,
1011 1100 1103 1174 saepe
1120 1104 1211 1174 que-

147 1185 240 1255 renti
254 1173 418 1280 querens
427 1199 462 1254 et
481 1185 556 1282 ipse
572 1183 714 1273 aderat3⁴
725 1201 779 1272 et,
801 1210 914 1281 quum
933 1187 1045 1257 multa
1061 1189 1212 1260 assolent

145 1295 274 1364 veritas
288 1292 448 1391 praebere
463 1295 609 1391 vestigia
626 1297 698 1379 sui,
716 1297 815 1365 omni
830 1321 900 1395 ope
915 1295 1120 1390 adjuvabat,
1136 1324 1210 1394 quo

53 1428 59 1434 ·
145 1404 317 1474 maturius
331 1404 452 1474 omnia
467 1416 709 1475 emanarentt.
730 1407 892 1503 Suspecti
911 1422 947 1476 et
965 1407 1116 1478 ministri
1130 1406 1210 1479 laci-

146 1514 263 1614 noris,
283 1513 424 1612 Apelles
446 1517 600 1586 maxime
626 1529 663 1584 et
689 1514 885 1599 Philocles,
909 1530 1031 1602 erant3
1055 1518 1117 1613 qni
1140 1521 1210 1587 Ro·

145 1647 239 1695 mam
263 1623 367 1720 legati
386 1623 546 1713 fuerant,
563 1624 753 1721 literasqne
769 1625 926 1695 exitiales
941 1627 1126 1696 Demetrio
1142 1625 1210 1696 sub

145 1734 293 1804 nomine
315 1735 501 1805 Flaminini
520 1735 721 1806 attulerant.
749 1735 863 1805 Falsas
886 1729 962 1805 esse
990 1751 1025 1806 et
1053 1762 1073 1807 a
1096 1737 1211 1809 scriba

145 1840 306 1915 vitiatas⁸
330 1846 546 1943 signumque
565 1845 826 1930 adulterinum,
846 1844 955 1940 vulgo
975 1848 1128 1944 inregia
1147 1847 1212 1918 fre·

144 1954 302 2026 mebant.
1028 2037 1034 2050 ·

193 2070 264 2136 LV.
289 2071 486 2154 Caeterum,
505 2092 618 2164 quum
641 2080 805 2164 suspecta
822 2066 951 2160 magis,
974 2087 1083 2160 quam
1100 2068 1212 2135 mani·

144 2173 253 2263 festa,
280 2192 373 2247 esset
398 2201 474 2263 res,
503 2175 596 2248 forte
618 2175 761 2273 Xychus
789 2173 918 2244 obvius
944 2172 984 2242 lit
1007 2173 1209 2269 Antigono,

144 2286 499 2383 comprehensu-sque
521 2283 566 2356 ab
582 2310 625 2356 eo
642 2288 677 2355 in
696 2286 828 2379 regiam
846 2297 899 2369 est
918 2280 1123 2379 perductus.
1141 2285 1209 2352 Re-

144 2394 229 2466 licto
246 2422 290 2466 eo
313 2394 545 2482 custodibus,
566 2397 762 2492 Antigonus
782 2392 826 2464 ad
845 2393 1049 2491 Philippum
1065 2416 1209 2489 proces·
1261 2425 1264 2429 ·

180 2577 204 2623 ⁵.
216 2577 313 2624 Labore
330 2577 438 2624 animum
455 2579 533 2644 τιςὼς
550 2579 606 2625 vide
622 2578 652 2624 ad
695 2577 803 2641 vestigio
812 2577 868 2642 sni(
879 2585 906 2625 ut
915 2585 1003 2640 sponte
1012 2575 1091 2638 aliqua
1103 2577 1211 2624 veritatis

143 2658 180 2712 lt,
196 2657 242 2718 39,
254 2672 279 2704 n.
292 2671 319 2716 9.
697 2656 788 2704 indicia
799 2667 942 2721 apparerent
952 2657 974 2720 )‚
984 2657 1059 2703 satius
1072 2655 1142 2705 duxit
1154 2672 1210 2709 ,au-

179 2734 203 2782 6.
216 2736 367 2783 Lacessendo
382 2737 525 2784 mentionem
540 2737 590 2792 rei,
603 2752 654 2783 rno-
699 2753 754 2801 gere
780 2739 944 2803 suspicionem
970 2737 1036 2801 vulgi
1064 2753 1211 2800 eorumque,

143 2814 236 2871 vendo,
251 2815 400 2875 excitando,
417 2832 501 2864 ansam
520 2816 543 2863 ei
565 2815 654 2864 dando.
699 2817 742 2881 qni
767 2817 822 2866 talia
844 2820 894 2880 jnn
915 2819 990 2882 atttigo
1014 2817 1040 2863 in
1068 2818 1120 2880 ipso
1142 2817 1211 2880 regia

144 2894 216 2942 conf·
228 2893 261 2941 ad
278 2895 320 2942 Sil.
340 2896 402 2952 ΧΠ,
420 2897 505 2954 61,et
520 2895 608 2959 ileyne
625 2895 656 2943 ad
693 2895 847 2963 fremebant,
867 2909 994 2962 querentes
1012 2907 1037 2942 et
1056 2895 1211 2957 indignantes

132 2974 211 3036 ·Virg.
223 2975 278 3021 AEn.
291 2976 330 3032 X,
342 2989 383 3022 ιο.
399 2975 533 3023 Prcebendo
545 2991 616 3022 aures
633 2990 657 3027 et
701 2971 868 3025 mussitabant.
877 2976 887 3041 (
895 2977 966 3024 Conl.
981 2975 1061 3026 XXV,
1072 2975 1104 3019 αδ
1115 3007 1122 3028 ,
1133 2989 1156 3020 n.
1167 2974 1209 3036 3.)

146 3051 325 3101 lacessendo...
339 3053 442 3111 oderat,
457 3070 504 3120 pro
511 3055 657 3118 proebenset
701 3040 783 3117 Quum
801 3067 880 3104 tamen
897 3067 922 3103 et
937 3054 973 3101 eic
990 3062 1099 3115 emposta
1115 3050 1207 3114 magis.

65 3172 70 3181 ‚
145 3129 286 3186 laconense
306 3132 363 3182 vide
382 3150 455 3199 supra
474 3135 504 3183 ad
523 3134 613 3182 librum
629 3136 641 3180 1
649 3166 656 3187 ‚
700 3151 775 3198 qnam
789 3132 930 3196 muniflua,
943 3147 978 3178 res
988 3130 1062 3193 vulgo
1076 3140 1099 3175 et
1110 3130 1160 3191 regi
1170 3127 1211 3175 lie-

144 3210 222 3272 περ]
235 3245 242 3268 ,
254 3227 279 3257 n.
295 3220 320 3266 4.
699 3224 751 3269 ret,
765 3211 881 3276 Xychmn
893 3194 1068 3272 comprehentli
1081 3209 1166 3266 jussit,
1180 3226 1211 3256 ex

180 3305 203 3349 7.
211 3291 263 3352 Qno
278 3305 395 3341 mutunus
404 3294 486 3341 omnia
494 3305 637 3341 emanarent
643 3311 653 3348 ,·
699 3307 749 3352 qno
760 3305 803 3336 rex
812 3291 874 3335 scite
885 3304 940 3335 vern
950 3287 1030 3334 omnia
1041 3297 1128 3350 posset.
1137 3287 1209 3336 Conl.

101 3411 106 3418 .
143 3369 205 3418 sorte
224 3371 374 3418 evntitmnt:
391 3387 446 3418 amm
466 3373 568 3420 verbum
592 3371 654 3418 illud
699 3385 752 3431 cap.
767 3368 809 3414 55.
825 3367 976 3429 -Snspeett'
988 3378 1012 3412 et
1025 3366 1076 3428 regi
1087 3365 1210 3427 vulgoque

143 3463 193 3494 non
206 3464 263 3495 sano
276 3448 384 3512 vestigiis
404 3450 531 3508 convenit,
549 3461 573 3496 et
588 3464 653 3495 emo·
698 3459 767 3494 eroon
781 3447 884 3493 ministri
884 3446 1025 3509 facinoris,
1042 3462 1147 3509 quorum
1162 3462 1211 3509 ope

142 3520 251 3574 notares
266 3525 419 3574 dicunturin
432 3528 533 3591 vulgus:
548 3529 588 3574 hic
603 3529 654 3591 regi
697 3530 798 3574 Perseus
816 3527 842 3572 in
863 3527 935 3573 fratre
953 3540 971 3571 ‘e
994 3526 1075 3574 medio
1098 3520 1223 3589 tollendo¹

142 3615 237 3652 tantum
248 3614 330 3667 patere
346 3606 459 3664 volebat;
473 3608 557 3653 huet.
571 3608 653 3653 Enim·
698 3622 754 3652 nous
767 3607 888 3652 inerme·
894 3605 988 3666 Apelles
999 3605 1107 3651 maxime
1118 3616 1142 3651 et
1151 3604 1211 3650 Phi·

142 3700 201 3731 vero
220 3682 319 3730 verbnm
343 3699 459 3731 emanare
480 3701 530 3732 non
549 3686 652 3732 releren·
698 3684 816 3740 locles,oi
830 3685 885 3734 τότε
901 3678 1029 3742 δοκοῦντες
1043 3677 1103 3734 εἶναι
1116 3684 1209 3752 πρῶτοι

143 3764 201 3811 dum
213 3763 246 3811 ad
258 3763 374 3828 vestigia,
386 3765 427 3813 sed
440 3765 471 3812 nd
486 3765 585 3823 omnia,
599 3766 652 3814 scil.
697 3766 757 3832 φίλω
774 3767 816 3813 τοῦ
836 3764 955 3826 βασιλέως
970 3764 1056 3826 Polyb.
1072 3767 1167 3821 xxiv,
1182 3782 1210 3819 r,

142 3844 275 3891 comitiaci
288 3844 393 3892 facinora
405 3845 499 3902 Persei3
513 3855 537 3892 et
550 3845 652 3908 Antigo·
696 3843 751 3908 55.
769 3869 803 3879 -
822 3842 869 3905 Qui
892 3844 992 3889 Romam
1016 3846 1091 3906 legati
1106 3845 1211 3909 ficerunt

142 3940 188 3970 nus
197 3925 269 3971 etiarn
278 3924 346 3971 omni
356 3940 401 3988 ope
410 3924 554 3988 affrontat,
564 3921 652 3970 cilicie·
697 3922 842 3986 litemque,
854 3933 899 3969 etc.
912 3925 978 3973 coni.
991 3925 1022 3970 atl
1035 3942 1088 3988 cap.
1104 3942 1152 3976 no.
1165 3929 1211 3982 2:t;

143 4002 184 4050 bat
195 4003 204 4067 (
214 4016 270 4069 trag
284 4004 343 4051 alies
363 4003 428 4052 daza
449 4003 487 4049 bei
499 4002 522 4066 )‚
536 4015 561 4049 ut
581 4019 652 4067 quam
698 4001 785 4064 Polyb.
797 4003 896 4058 xxnl,
911 4009 956 4060 rt,
969 4005 1066 4059 xm,
1080 4021 1102 4051 1.
1117 4030 1150 4039 -
1166 4005 1209 4052 nt.

143 4082 247 4144 primurn
264 4100 291 4130 ea
307 4093 449 4129 entonorent
463 4083 488 4128 in
505 4082 604 4145 vulgus,
615 4082 652 4127 vel
697 4082 810 4143 Magum.
829 4082 927 4129 romani
944 4083 1036 4148 legon'‚·
1051 4101 1160 4148 proquo
1174 4102 1209 4130 re·

144 4161 268 4209 manifesta
285 4159 460 4225 fierent(vitle
483 4160 515 4207 ed
532 4162 585 4214 111.
604 4168 653 4217 att,
699 4171 736 4206 cte
752 4160 823 4208 l'rob.
841 4177 907 4208 anno
931 4164 994 4210 1531
1016 4166 1117 4210 Romam
1137 4164 1213 4224 legati

144 4247 168 4285 n.
183 4241 227 4304 3),
238 4240 307 4288 etsie
320 4240 350 4288 ad
361 4240 422 4304 tegis
436 4256 534 4303 quoque
544 4241 655 4304 perveni-
699 4239 816 4297 restituit,
830 4252 890 4288 teste
905 4243 980 4290 liralt.
996 4245 1038 4305 qui
1053 4243 1134 4288 multis
1149 4243 1211 4288 Livii

145 4327 197 4365 rent
214 4335 289 4367 aut-es.
306 4320 402 4368 Veritus
418 4320 479 4366 forte
492 4320 551 4367 imm
563 4320 655 4376 Persei,
699 4319 760 4367 locis
769 4319 833 4367 hanc
842 4319 946 4369 firmavit
958 4323 1094 4370 lectionem.
1105 4322 1149 4365 En.

146 4413 194 4443 tent
206 4398 257 4460 ipse
269 4399 371 4461 pendete
386 4400 434 4460 regi
447 4399 538 4447 noluit:
552 4399 592 4445 sed
602 4414 655 4461 spe·
737 4404 761 4447 ti,
780 4404 801 4445 A
818 4402 896 4447 scriba
915 4401 1034 4451 vitineas,
1050 4403 1111 4445 lot-te
1129 4416 1142 4443 a
1167 4402 1210 4459 a).

147 4492 200 4521 rans
222 4479 289 4534 lore,
309 4490 336 4525 ut
357 4479 447 4526 teritos
471 4479 522 4543 ipsa
538 4479 656 4542 praeberet
700 4479 758 4535 olto,
771 4481 883 4527 ministro
899 4481 989 4543 Apellis
1000 4492 1021 4525 et
1035 4478 1157 4525 Philoclis.
