2722 5040
171 755 291 869 tiri:
430 775 525 843 Lm.
557 774 658 843 xnr.
686 775 790 843 car.
817 776 915 842 1.11.
1137 773 1205 870 537

143 898 253 968 lstriae
268 893 360 966 fines
379 916 460 966 cum
478 897 649 968 onerariis
664 910 700 967 et
713 918 844 993 magno
854 911 1061 967 ¹commeatu
1074 898 1207 984 missae;

143 1020 393 1103 sequutusque
420 1028 502 1075 cum
530 1004 733 1103 legionibus
761 1004 885 1077 consul
912 992 1073 1103 quinque
1096 1005 1208 1079 ferme

143 1115 254 1186 millia
270 1112 418 1186 amari⁶
437 1117 559 1213 posuit
571 1131 694 1188 castra.
709 1121 751 1187 ln
765 1130 875 1214 portu
890 1118 1091 1215 emporium
1105 1114 1207 1187 brevi

144 1224 381 1325 perfrequens
393 1224 549 1313 factum
567 1228 761 1324 omniaque
779 1227 866 1298 hinc
878 1228 916 1297 in
933 1241 1045 1298 eastra
1057 1250 1207 1326 suppor-

144 1335 324 1409 tabantur.
344 1341 407 1423 Et,
427 1362 502 1434 quo
517 1336 554 1407 id
572 1339 683 1409 tutius
700 1336 822 1425 fieret,
840 1338 1011 1410 stationes
1028 1337 1074 1410 ab
1092 1340 1207 1408 omni-

144 1446 213 1518 bus
230 1461 427 1518 castrorum
445 1446 607 1547 partibus
623 1446 849 1519 circumdatas
869 1462 977 1534 sunt3
995 1449 1032 1519 in
1050 1449 1206 1518 istriam·

144 1580 217 1653 que
250 1578 355 1627 suum
387 1557 592 1655 praesidium
622 1558 789 1628 stativum
801 1567 827 1643 ⁷,
862 1559 1052 1654 repentina
1078 1557 1208 1628 cohors

143 1659 370 1737 Placentina⁸
384 1667 550 1765 opposita
562 1669 658 1738 inter
670 1690 768 1738 mare
782 1680 818 1737 et
834 1681 967 1737 castra:
985 1682 1039 1756 et,
1056 1681 1097 1738 ut
1111 1668 1207 1738 idem

143 1775 376 1869 aquatoribus
394 1776 439 1847 ad
456 1772 605 1849 fluvium
623 1790 716 1850 esset
732 1775 956 1876 praesidium,
975 1781 1022 1847 Μ.
1042 1775 1210 1849 AEbutius

144 1883 311 1957 tribunus
337 1887 492 1959 militum
520 1887 682 1960 secunde
708 1888 859 1986 legionis
886 1886 978 1957 duos
1006 1887 1210 1984 manipulos

143 1994 296 2065 militum
316 1995 470 2093 adjicere
485 1997 606 2093 jussus
624 2010 688 2070 est.
711 2002 750 2068 T.
771 2012 806 2068 et
824 2001 863 2068 C.
884 1995 963 2066 AElii
983 1994 1120 2065 tribuni
1138 1997 1208 2065 mi-

144 2103 245 2175 litum
260 2105 440 2205 legionem
453 2109 613 2195 tertiam,
628 2133 708 2205 quae
721 2107 951 2206 pabulatores
966 2119 1002 2176 et
1016 2104 1209 2202 lignatores

145 2228 327 2302 tueretur,
358 2217 436 2304 via,
469 2242 549 2314 quae
576 2217 776 2314 Aquileiam
809 2215 901 2302 fert,
933 2214 1118 2285 duxerant.
1152 2212 1207 2284 Ab

143 2325 268 2397 eadem
286 2327 434 2422 regione
451 2325 677 2397 milleforme
695 2348 864 2425 passuum
881 2338 994 2396 castra
1012 2338 1113 2394 erant
1129 2319 1209 2395 Gal·

142 2434 287 2506 lorum:
310 2436 490 2507 Catmelus
515 2461 581 2535 pro
605 2437 732 2536 regulo
756 2448 854 2507 erat⁹
879 2434 996 2507 tribus
1014 2433 1110 2506 haud
1131 2458 1206 2506 am·

143 2545 238 2642 plius
259 2544 418 2616 millibus
438 2561 668 2618 armatorum.

190 2658 223 2724 ll
238 2654 334 2752 (VI).
345 2659 439 2744 Istri‚
449 2670 492 2728 ut
504 2660 660 2757 primum
669 2657 714 2728 ad
724 2656 840 2728 lacurn
848 2658 983 2728 Timavi
998 2670 1111 2728 castra
1122 2669 1223 2753 sunt

144 2788 291 2835 romana
309 2781 428 2849 mota,
446 2768 516 2866 ipsi
534 2782 615 2867 post
632 2767 760 2840 collem
778 2768 921 2841 occulto
941 2767 1021 2839 loco
1037 2767 1206 2840 consede·

144 2890 248 2964 runt,
267 2889 303 2946 et
321 2875 405 2948 inde
422 2877 583 2975 obliquis
597 2877 786 2950 itineribus
803 2903 940 2978 agmen.
948 2875 1205 2973 sequebantur,

143 3157 258 3204 tuendam
270 3173 298 3204 ν.
312 3174 337 3207 rr.
353 3158 418 3205 mori
437 3158 560 3224 superiore
571 3164 652 3211 Anco·
695 3162 792 3225 poenit,
803 3160 834 3208 ad
845 3175 909 3208 mere
918 3173 994 3223 quum
1008 3155 1082 3206 hodie
1094 3159 1143 3205 sint
1154 3174 1204 3206 rm·

143 3253 208 3284 nam.
222 3264 257 3272 —
269 3238 375 3285 Priscam
388 3237 450 3285 hanc
468 3230 597 3288 lectionem
610 3239 652 3286 de·
694 3239 760 3304 plius
768 3240 813 3286 tria
822 3237 946 3296 millinria,
956 3247 1033 3283 eastra
1040 3235 1098 3285 inde
1104 3236 1205 3300 paulum

145 3315 241 3363 leudem
254 3326 331 3365 tentet
343 3317 501 3380 nucinum,
512 3318 582 3378 eujus
593 3328 652 3366 note
696 3329 788 3367 remote
807 3319 880 3366 luisse
896 3318 923 3364 in
939 3317 1064 3381 superiora
1082 3316 1135 3364 loen
1146 3351 1154 3373 .
1166 3317 1206 3365 vel

143 3405 178 3442 eet
186 3409 193 3442 ε
202 3418 215 3436 κ
224 3396 241 3442 J
243 3410 305 3458 unge
315 3407 321 3441 :
331 3393 375 3458 qni
382 3393 498 3442 haberent
508 3395 518 3458 (
527 3405 652 3455 tenuem,
695 3413 821 3444 numerum
831 3396 897 3444 hune
906 3405 1121 3459 corrupturum,
1130 3407 1204 3461 putu·

142 3473 188 3520 sibi
200 3472 338 3537 tumerent)
347 3475 491 3530 Anconam,
504 3473 595 3538 viginti
603 3490 651 3522 rra·
695 3476 737 3526 bat
746 3477 846 3528 Cluver.
857 3477 910 3524 Ital.
920 3479 978 3524 Ant.
990 3480 1013 3534 1,
1024 3492 1069 3539 no,
1078 3493 1133 3541 pag.
1147 3476 1204 3540 ¹9³·
1255 3463 1264 3485 ⁸

142 3552 208 3598 vibus
222 3548 232 3613 (
240 3551 267 3598 in
276 3549 287 3615 )
296 3551 361 3597 mari
376 3552 498 3614 superiore
517 3551 631 3600 tuendam
639 3589 648 3611 ,
731 3571 754 3615 7.
766 3559 796 3602 In
813 3555 961 3619 Istriamque
976 3570 1046 3602 sunm
1060 3555 1205 3619 prandium

142 3630 211 3677 velue
226 3629 364 3686 cardinem,
386 3629 451 3679 velut
472 3631 569 3689 locum,
586 3631 651 3680 unde
693 3636 821 3692 stativum,¹
839 3635 885 3698 leg,
904 3632 1005 3680 latriam
1016 3649 1109 3691 versus,
1122 3634 1161 3685 vel
1179 3634 1205 3685 t'm

142 3708 220 3758 hostio
247 3708 331 3775 repelli
356 3710 451 3773 possit,
473 3711 650 3776 opportunissi·
694 3713 795 3760 Istriam
807 3729 903 3760 versum
907 3731 934 3778 p.
947 3731 966 3761 s.
978 3714 1055 3762 Grou.

143 3805 228 3840 mum:
247 3789 323 3838 cardo
342 3790 456 3839 trenelrte
475 3792 564 3840 dieitur
582 3790 651 3847 id‚r
731 3795 755 3841 8.
776 3793 909 3858 Repentina
931 3792 1018 3841 colors
1041 3793 1206 3851 Plateam,-

142 3884 193 3932 quo
207 3870 310 3918 mxime
324 3869 419 3934 aliquid
431 3871 537 3936 pendet3
551 3870 651 3931 etjam,
696 3872 750 3920 ride
762 3874 793 3921 ed
805 3875 830 3930 1,
841 3875 922 3933 37,n.
932 3881 956 3930 4.

142 3946 211 3996 loeus
223 3950 249 3997 in
265 3966 316 4014 quo
329 3966 420 3998 mmm
438 3952 473 4000 rei
485 3951 599 4009 vertitur,
613 3950 649 3998 di·
730 3968 754 4014 9.
767 3951 885 4001 ermerus
894 3968 940 4015 pro
956 3952 1038 4017 regulo
1053 3966 1121 4011 erar,
1136 3955 1163 4001 in
1174 3955 1208 4003 iit

143 4028 206 4074 reris
220 4029 339 4113 ejusmodi
350 4030 431 4079 locum
443 4043 559 4080 centrum.
573 4033 650 4096 Supra
694 4031 842 4080 enutrirent
854 4030 911 4080 looo
925 4031 1016 4097 reguli,
1027 4033 1071 4097 qui
1086 4035 1139 4098 ipre
1152 4049 1204 4082 uon

141 4105 174 4154 etl
182 4109 241 4166 XL,
252 4111 283 4158 xe
294 4122 301 4157 :
312 4109 376 4157 inter
383 4111 520 4160 duumviros
528 4111 565 4159 ira
574 4111 651 4159 diviso
693 4110 788 4167 adoran
813 4111 883 4159 Crev.
899 4112 939 4159 eui
957 4124 1037 4161 temen
1055 4114 1126 4162 verba
1147 4124 1204 4161 runt

143 4187 233 4233 reconda
250 4187 318 4236 denir
332 4190 433 4239 naribus
447 4191 572 4239 maritima
588 4206 648 4248 oro,
694 4200 812 4256 suspecta.
830 4194 900 4239 Forte
915 4204 1025 4256 proeerae
1036 4210 1082 4257 pro
1102 4205 1155 4240 erae
1170 4193 1203 4240 le·

144 4273 170 4309 ut
175 4267 368 4327 promontorium
378 4272 491 4318 Mirrereoe
500 4271 568 4318 velut
575 4269 651 4318 cardo
695 4270 808 4334 gendum.
819 4269 940 4319 Carmelus
948 4271 1023 4320 Curio
1032 4284 1056 4319 et
1065 4271 1153 4319 deinde
1161 4271 1203 4319 ulii

144 4342 169 4387 r'n
179 4343 257 4390 medio
268 4349 388 4395 esseeliu.
694 4349 798 4398 edidere.
815 4349 925 4398 eumelus
943 4351 1008 4415 apud
1020 4350 1140 4398 Velleium
1157 4351 1203 4398 e·-

179 4422 203 4466 6.
217 4422 328 4490 an'rrqree
337 4424 419 4489 serrrre
437 4427 515 4475 millio
533 4443 550 4473 a
568 4427 649 4475 mori:
693 4441 751 4478 tere.
765 4430 805 4487 ll,
823 4430 865 4485 64.
883 4429 1201 4494 cont.1tpir.niv.cxx‚

144 4514 156 4543 a
167 4498 219 4547 lacu
230 4500 343 4562 Timavo,
352 4504 383 4551 ad
392 4521 463 4568 quem
476 4504 561 4552 consul
573 4516 648 4554 cestro
693 4519 717 4556 et
727 4509 827 4556 consule
838 4508 871 4557 ibi
884 4509 1006 4558 Dmkenb.
