2722 5040
857 489 865 508 Κ

167 839 291 955 ὲζὲξξξς
342 862 432 928 stu.
460 863 636 928 xxxrx.
664 862 767 929 cnr.
796 863 912 930 xxx.
939 862 1076 929 xxxt.
1133 857 1201 957 373

141 1009 303 1080 quornm
329 1009 366 1056 se
389 985 512 1082 spoliis
531 985 651 1059 hostes
672 1001 864 1058 armarunt.
890 988 979 1058 lnde
1004 988 1046 1058 ad
1068 993 1204 1087 Tagum

141 1093 280 1165 flumen
301 1094 453 1192 profecti
471 1101 758 1191 sunerraetores
772 1098 915 1168 iuterim
935 1099 1074 1168 romani
1094 1123 1204 1169 omne

142 1202 179 1274 id
195 1219 338 1299 tempus
354 1206 609 1278 contrahendis
627 1233 672 1278 ex
688 1206 890 1279 civitatibus
908 1207 1011 1278 sociis
1028 1210 1204 1306 Hispano-

142 1339 225 1384 rum
240 1317 395 1403 auxiliis,
410 1316 684 1415 reficiendisque
698 1316 744 1389 ab
758 1332 896 1388 terrore
911 1317 1064 1388 adversae
1077 1341 1205 1415 pugnae

143 1424 298 1496 militurn
324 1428 472 1517 animis,
499 1442 810 1526 consumpserunt.
839 1427 910 1498 Ubi
935 1428 1019 1497 satis
1039 1425 1205 1524 placuere

143 1536 274 1622 vires⁴,
296 1550 333 1607 et
355 1536 428 1632 jam
451 1536 553 1609 miles
575 1563 743 1635 quoque,
768 1537 812 1608 ad
838 1535 1027 1607 delendam
1048 1538 1206 1632 priorem

144 1646 399 1740 ignominiam,
417 1646 559 1720 hostem
575 1647 767 1747 poscebat;
789 1645 979 1718 duodecim
999 1649 1107 1718 millia
1129 1672 1206 1746 pas·

144 1777 250 1823 suurn
274 1753 319 1825 ab
342 1760 437 1853 Tago
460 1756 609 1829 flumine
629 1771 828 1856 posuerunt
848 1771 972 1828 castra.
995 1757 1083 1828 Inde
1103 1760 1208 1830 tertia

146 1862 263 1961 vigilia
276 1865 425 1937 sublatis
438 1867 557 1964 signis,
566 1867 743 1964 quadrato
757 1866 910 1962 agmine,
927 1867 1105 1963 principio
1120 1866 1209 1938 lucis

146 1971 191 2043 ad
204 1974 291 2070 Tagi
304 1976 417 2072 ripam
431 1990 685 2073 pervenerunt.
701 1981 813 2047 Trans
827 1974 977 2046 flurium
991 1977 1029 2044 in
1042 1975 1133 2046 colle
1148 1975 1210 2046 bo·

146 2082 255 2152 stium
272 2097 386 2154 castra
402 2100 513 2156 eraut.
533 2085 743 2182 ExtemplO,
759 2110 836 2186 qua⁴
850 2083 995 2156 duobus
1014 2084 1102 2156 locis
1119 2084 1209 2155 vada

146 2190 308 2264 rrudabat
321 2195 451 2281 amnis,
466 2194 612 2267 dextera
629 2210 730 2293 parte
744 2194 978 2292 Calpurnius,
996 2194 1080 2263 laeva
1095 2195 1210 2283 Quin·

148 2303 220 2373 tius
243 2307 437 2377 exercitum
458 2302 741 2390 traduxerunt⁵;
759 2305 883 2401 quieto
897 2303 1019 2390 hoste,
1040 2304 1127 2374 dum
1144 2305 1211 2373 mi·

147 2428 249 2483 ratur
258 2413 417 2486 subitum
429 2413 639 2499 adventurn,
655 2415 926 2508 consultatque,
938 2413 1001 2509 qui
1016 2412 1210 2482 tumultum

148 2520 319 2618 injicere⁶
337 2523 601 2623 trepidantibus
621 2527 657 2595 in
675 2527 756 2624 ipso
771 2525 921 2596 transitu
942 2525 1056 2597 amnis
1074 2526 1212 2622 potuis·

149 2648 213 2705 set.
234 2637 379 2705 Interim
400 2638 571 2724 Romani,
592 2636 859 2734 impedimentis
874 2659 1023 2733 quoque
1042 2633 1213 2740 omnibns

149 2743 322 2814 traductis
339 2748 603 2842 contractisque
617 2746 655 2815 in
669 2751 783 2815 unum'
798 2744 936 2834 locum,
951 2747 1036 2843 quia
1048 2746 1121 2841 jam
1137 2771 1212 2817 mo·

149 2856 223 2924 veri
246 2853 418 2927 videbant
439 2856 601 2942 hostem,
625 2880 692 2927 nec
714 2856 868 2954 spatium
892 2870 968 2926 erat
985 2870 1098 2926 castra
1112 2879 1210 2926 com·

149 2964 356 3055 muniendi,
371 2967 482 3038 aciem
496 2969 754 3038 iustmxernnt.
767 2970 808 3034 In
820 2963 940 3036 medio
952 2964 1075 3035 locatae
1087 2965 1213 3060 quinta

150 3075 335 3173 Calpurnii
357 3076 451 3172 legio
470 3089 506 3147 et
525 3090 648 3147 octava
659 3077 798 3166 Quintii
811 3102 818 3144 :
833 3074 869 3145 id
888 3075 1002 3146 robur
1018 3088 1095 3144 toto
1110 3098 1213 3145 exer-

150 3189 248 3256 citu7
264 3201 351 3258 erat.
368 3190 543 3284 Campum
558 3202 724 3284 apertum
738 3185 912 3283 usquead
928 3185 1086 3256 hostium
1101 3198 1215 3255 castra

152 3293 354 3384 habebant,
369 3295 523 3368 liberum
538 3323 556 3366 a
571 3311 669 3368 metu
686 3297 905 3367 insidiarum.

200 3410 327 3476 XXXI.
351 3409 516 3505 Hispani,
532 3422 724 3506 postquam
739 3409 775 3476 iu
789 3408 953 3477 citeriore
968 3396 1043 3503 ripa
1058 3404 1132 3475 duo
1146 3408 1216 3473 Ro-

153 3539 343 3586 manorum
369 3519 511 3614 agmina
536 3531 824 3616 conspexerunt,
843 3529 905 3595 ut,
926 3517 1026 3614 prius
1047 3538 1156 3611 quam
1179 3537 1217 3583 se

151 3627 303 3723 jungere
317 3641 425 3724 atque
440 3629 619 3698 instruere
635 3642 801 3724 possent,
818 3637 1038 3722 occuparent
1052 3633 1145 3705 eos¹,
1159 3646 1216 3691 ca-

154 3738 236 3807 stris
257 3752 405 3835 repente
426 3737 529 3810 effusi
551 3762 658 3809 cursu
680 3737 723 3808 ad
739 3760 897 3835 pugnam
917 3733 1085 3806 tendunt.
1106 3737 1217 3803 Atrox

154 3851 191 3917 in
211 3849 389 3946 principio
410 3849 569 3945 praelium
588 3846 674 3927 suit,
694 3861 730 3917 et
745 3846 911 3943 Hispanis
924 3844 1060 3914 recenti
1073 3843 1218 3913 victoria

191 4049 215 4097 t.
228 4041 275 4088 uti
280 4041 341 4089 rotis
346 4042 463 4104 placuere
473 4040 537 4088 vires
544 4059 554 4098 ,·
564 4041 620 4088 vide
632 4039 664 4087 ad
704 4038 829 4100 junxisse,
850 4046 879 4083 nt
900 4051 930 4082 ex
955 4035 1053 4082 duobus
1071 4032 1218 4082 exercitibus

155 4121 282 4177 mul,
294 4121 376 4177 ³1‚n.
387 4128 410 4175 4.
708 4133 783 4165 unum
797 4115 921 4163 effecerint
935 4130 964 4162 ac
973 4113 1062 4161 milites
1076 4114 1161 4162 lisdem
1177 4129 1216 4161 ca-

193 4199 218 4247 5.
225 4198 367 4246 Exercitum
378 4198 557 4254 maiomam,-
567 4196 664 4262 quidam
708 4197 765 4244 stris
774 4195 953 4252 continuerint,
966 4193 1041 4241 Dralr.

155 4279 218 4327 Mas
231 4278 364 4335 exercitus,
378 4279 447 4343 qnod
459 4279 555 4343 plaeere
565 4287 647 4342 potest
658 4311 664 4335 ‚
744 4277 770 4323 6.
784 4275 834 4338 Qui
842 4274 969 4322 naemnlmm
980 4273 1093 4338 abjicere,
1106 4284 1152 4320 ete.
1164 4272 1219 4319 vide

155 4357 212 4422 qnia
226 4374 299 4424 supra
311 4358 361 4405 duo
374 4356 493 4405 exercitos
504 4371 563 4404 rom.
574 4369 666 4402 memo·
709 4354 741 4401 ad
754 4355 877 4410 XXXVI,
893 4356 920 4411 3,
932 4370 955 4400 n.
974 4369 995 4399 ι.

151 4446 248 4484 'tantun
259 4436 306 4485 sed
313 4437 362 4484 boe
371 4447 463 4502 spectat
472 4437 503 4484 ad
513 4434 665 4483 indicandam
747 4449 770 4493 7.
781 4435 862 4481 Robur
870 4445 920 4483 toto
930 4434 955 4480 in
967 4432 1093 4486 exercien-
1104 4430 1135 4476 al.
1146 4427 1219 4476 totius

156 4517 323 4564 Rornanorum
346 4515 453 4564 lusorum
470 4512 666 4569 multitudinem,
712 4511 839 4561 exercitus.

157 4609 181 4645 et
195 4590 261 4646 nnnc
274 4597 388 4645 videntur
401 4608 517 4662 praetores
533 4598 564 4644 ita
585 4593 667 4660 copias
747 4592 808 4641 llic.
825 4592 923 4640 XXXl.
950 4606 971 4637 1.
991 4592 1144 4649 Oecraparent
1165 4597 1223 4633 ros,-
