2722 5040
1067 819 1093 854 A.
1104 813 1129 853 C.
1145 816 1189 855 rsa.

150 834 220 920 rsa
577 840 615 904 r.
649 839 786 905 srvu
1068 878 1189 930 Μ,

75 987 78 991 ·
148 990 164 1022 ιι
180 973 275 1044 erat,
291 956 437 1028 dubiam
453 970 488 1027 et
501 956 687 1027 sollicitam
705 955 813 1028 facis?
828 964 910 1028 Haec
924 958 1035 1028 sentit
1049 962 1214 1042 Perseus,

149 1071 246 1140 «etsi
268 1094 343 1139 non
362 1067 470 1137 dicit:
492 1066 565 1137 haec
585 1068 692 1137 istum
715 1069 920 1155 inimicum,
941 1068 1016 1139 haec
1033 1083 1214 1139 accusato·

151 1210 166 1242 «ι
181 1204 257 1250 rem
274 1177 409 1249 faciunt
424 1207 432 1247 ε
448 1178 523 1247 haec
538 1176 706 1265 domum,
725 1177 802 1250 haec
815 1204 967 1276 regnum
984 1194 1087 1251 tuum
1101 1181 1215 1250 crimi-

149 1321 166 1354 «
182 1289 290 1361 nibus
312 1305 348 1359 et
370 1286 634 1385 suspicionibus
654 1288 808 1387 replent.
835 1295 910 1387 Ego
933 1305 1074 1378 autem,
1096 1303 1213 1387 pater,

149 1397 488 1495 «quemadmodum
510 1422 575 1468 nec
594 1422 692 1470 nunc
712 1423 856 1496 sperare
873 1424 1044 1497 regnum,
1062 1424 1130 1471 nec
1143 1423 1215 1469 am·

148 1541 164 1573 «
179 1509 302 1607 bigere
317 1533 478 1605 unquam
494 1509 539 1579 de
553 1505 622 1579 eo³
643 1507 792 1580 forsitan
809 1508 979 1597 debeam,
996 1511 1080 1606 quia
1095 1511 1215 1580 minor

148 1649 164 1682 «
179 1645 278 1704 sum,
295 1620 381 1716 quia
396 1633 437 1689 tu
451 1642 509 1688 me
527 1620 652 1712 majori
668 1618 796 1690 cedere
811 1621 881 1707 vis3
901 1621 950 1690 sic
965 1619 1053 1690 illud
1070 1642 1138 1689 nec
1153 1618 1214 1689 de-

146 1760 164 1792 «
177 1728 243 1799 bui
269 1728 405 1813 facere,
431 1752 498 1798 nec
520 1726 656 1813 debeo,
680 1743 720 1798 ut
738 1729 911 1826 indignus
929 1743 966 1801 te
983 1743 1103 1827 patre,
1122 1727 1214 1799 indi-

149 1871 164 1903 «
181 1863 273 1937 gnus
302 1837 472 1908 omnibus
500 1836 656 1908 videarl.
692 1837 734 1908 Id
765 1840 861 1909 enim
889 1840 982 1909 vitiis
1004 1840 1113 1923 meis,
1140 1862 1215 1907 non

184 2044 208 2090 3.
224 2042 276 2089 Nee
290 2041 413 2106 ambigere
436 2058 543 2105 imquam
564 2041 595 2087 de
613 2057 659 2097 eo,·
704 2042 753 2090 loci
766 2040 935 2091 difficultatem
949 2042 1066 2105 Doering.
1085 2041 1119 2088 its
1135 2041 1214 2105 exple·

150 2122 205 2169 vide
218 2121 248 2168 sd
262 2123 337 2178 xxi,
351 2123 432 2178 31,n.
447 2123 471 2167 6.
704 2133 760 2168 nat:
782 2138 851 2169 «nec
866 2138 931 2169 nuuc
950 2121 1102 2168 committere
1123 2119 1212 2177 debeo,

186 2210 210 2257 ι.
225 2203 257 2247 Ut
278 2200 390 2264 indignus
414 2212 437 2248 te
447 2211 528 2263 patre,
548 2198 661 2263 indignus
705 2211 745 2259 ut,
758 2217 808 2247 non
819 2200 930 2248 cedendo
944 2215 1047 2262 regnum
1061 2199 1127 2246 fratri
1142 2201 1215 2259 msj0·

150 2280 259 2326 omnibus
271 2279 362 2326 videar
367 2297 377 2335 ,·
390 2302 403 2320 «ι
413 2278 473 2343 quid
489 2279 537 2325 hoe
551 2278 661 2326 omnibus
705 2280 740 2338 ri,
753 2279 868 2343 indignus
879 2290 922 2327 tuo
934 2290 1036 2343 paterno
1046 2294 1142 2338 amore,
1153 2277 1214 2326 indi·

148 2358 197 2405 sibi
206 2358 276 2405 vult?
287 2370 367 2405 utrum
376 2358 489 2405 omuibus
500 2357 587 2405 rebus?
599 2373 661 2419 qum
705 2375 768 2422 gnus
776 2360 886 2406 omnium
897 2358 1002 2405 aliorum
1011 2358 1094 2404 lavore
1107 2357 1214 2405 videern.

149 2453 205 2484 nem
220 2453 278 2501 ergo
289 2436 337 2484 illae
348 2440 435 2486 erunt?
449 2454 479 2484 en
492 2438 606 2486 omnibus
616 2438 658 2485 lio·
705 2436 800 2486 Walclr.
821 2437 920 2485 Emend.
938 2438 988 2485 Liv.
1005 2452 1060 2501 pag.
1087 2452 1150 2495 120,
1168 2436 1214 2499 legi

149 2516 268 2574 minibus,
282 2515 371 2571 dandi,
389 2517 442 2564 scil.
461 2514 537 2565 casu?
556 2534 661 2580 quensm
702 2516 785 2577 jubet:
801 2529 828 2565 ut
842 2517 955 2581 indignus
971 2528 1006 2572 te,
1018 2527 1093 2579 patre
1104 2515 1215 2580 ιἰιιίιζιιιιι

149 2611 207 2658 ergo
227 2585 252 2641 ie
274 2593 406 2656 indignus?
420 2597 471 2643 Aut
490 2595 537 2643 del.
558 2596 661 2644 alterum
705 2596 815 2643 omnibus
836 2597 939 2652 ridear,-
961 2595 1145 2659 interpretetus,
1165 2606 1214 2641 «ut

148 2672 277 2737 indignus,
292 2683 320 2719 ut
340 2675 426 2721 tertius
446 2689 515 2721 casus
532 2675 565 2722 sit
583 2674 660 2722 omiu-
705 2676 818 2724 omnibus
829 2675 944 2740 indignus
957 2687 979 2724 te
994 2691 1050 2740 rege
1061 2687 1086 2722 et
1096 2687 1170 2739 patre
1180 2675 1215 2721 vi·

148 2752 204 2807 bru,
219 2760 260 2798 aut
272 2751 319 2814 leg.
331 2751 374 2799 tibi
379 2750 535 2815 patri‚scll.
548 2770 623 2818 regno
636 2776 659 2802 n.
705 2754 791 2804 dese».
810 2757 880 2803 Hanc
902 2756 1130 2820 interpretationem
1148 2751 1215 2802 utet-

149 2832 233 2879 Bauer.
252 2832 284 2878 Ut
297 2842 321 2877 te
328 2843 403 2894 patre
416 2832 450 2896 (et
467 2835 620 2880 successione
634 2833 660 2880 in
705 2850 757 2893 ner,
776 2834 848 2884 Obss.
871 2837 922 2882 Lis.
937 2852 993 2900 pag.
1010 2844 1062 2898 94,
1082 2835 1174 2899 respuit
1187 2849 1214 2882 st

147 2907 259 2974 regnum)
267 2909 379 2974 indiguus
386 2910 495 2958 omatibus
504 2911 594 2958 videor
602 2912 659 2960 cod.
704 2924 840 2962 contortam
849 2913 958 2974 judicat,
973 2914 1119 2978 simpliciter
1127 2930 1168 2972 ac,
1179 2929 1214 2960 se·

146 2990 207 3036 Lov.
224 3005 238 3035 a
255 3000 280 3036 et
295 2988 375 3037 Neud.
394 2989 512 3055 Indignus
525 2989 657 3046 ominibus,

148 3068 158 3131 (
168 3086 201 3118 se.
216 3083 317 3130 regnum
327 3068 387 3115 mihi
397 3067 463 3116 bend
474 3068 547 3117 dubia
558 3086 602 3132 spe
615 3068 659 3116 de·

148 3148 301 3205 stinantium,
309 3158 333 3195 et
342 3149 398 3207 mei,
407 3159 435 3196 ιιι
445 3148 566 3212 regnaturi
575 3184 580 3207 ‚
594 3164 660 3195 men·

148 3228 240 3276 tionem
260 3228 433 3290 facientium),
450 3229 515 3288 conj.
537 3226 660 3285 Schelius;

704 2992 811 3040 cundum
823 3009 884 3053 nos,
898 2993 999 3040 feliciter
1011 2993 1153 3058 explicans,
1167 3016 1180 3035 ι
1188 3003 1214 3040 nt

704 3070 820 3134 indignus
843 3083 867 3120 ts
887 3082 966 3134 patre.
989 3072 1105 3134 indignus
1129 3071 1214 3136 quovis

704 3151 869 3198 Macedonum
882 3151 964 3198 viden
974 3176 995 3199 ιι,
1014 3153 1076 3213 Quae
1096 3151 1213 3200 sententie

704 3230 810 3276 occurrit
819 3230 894 3294 paulo
906 3229 1008 3278 inferius
1020 3245 1027 3278 :
1040 3243 1144 3294 utroque
1158 3243 1213 3278 tem·

147 3306 216 3370 quod
227 3306 315 3353 durum
328 3317 519 3370 contortumque
532 3305 660 3353 videbatur
701 3323 761 3370 pore
771 3308 806 3354 ita
824 3325 861 3356 me
874 3308 953 3373 gessi,
971 3325 1001 3356 ne
1017 3310 1173 3373 tibipudorr',
1185 3325 1214 3355 ne

146 3388 254 3444 Rouero,
263 3397 289 3433 at
299 3401 382 3432 rerum
394 3397 526 3450 aptumque
535 3384 657 3432 Dmkenb.

147 3467 210 3529 (qui
231 3475 314 3512 monet
333 3481 430 3513 sensum
452 3482 516 3523 esse,
536 3481 576 3520 se,
602 3464 659 3511 licet

135 3545 214 3605 vl'ratri
226 3546 311 3606 mejoti
323 3561 432 3591 cessurus
442 3545 487 3602 sit,
497 3543 568 3590 simul
579 3553 658 3590 tamen

146 3639 246 3688 opernm
262 3624 389 3685 daturum,
403 3641 434 3671 ns
447 3641 460 3670 a
474 3636 542 3687 petre
556 3622 659 3686 degene-

145 3714 182 3751 ret
189 3714 214 3750 ιιι
224 3719 298 3766 regno
306 3703 423 3766 indignus
434 3699 562 3764 videatur)
573 3712 596 3748 et
605 3717 659 3748 ecu-

146 3793 198 3829 tum
210 3783 299 3839 Gron,
312 3784 353 3844 qni
369 3781 440 3829 etiam
455 3780 577 3828 tentabat:
592 3779 658 3826 rudi·

143 3875 206 3924 gnus
225 3859 374 3923 majoribus,
397 3860 436 3907 vel
458 3859 572 3923 indignus
598 3858 656 3915 eibi,

143 3950 227 4002 pater,
244 3937 356 4001 indignus
374 3938 497 3996 omnibus,
509 3940 657 4002 seitregno.

148 4021 218 4064 Forte
230 4017 279 4079 leg.
292 4015 406 4080 indignus
417 4016 563 4082 omnijure,
575 4035 608 4065 sc.
622 4034 658 4065 re·

145 4096 187 4159 gni
198 4111 241 4143 ssu
253 4096 423 4142 successionis.
440 4096 487 4143 Sed
498 4113 550 4144 non
563 4114 614 4145 esse
624 4099 660 4144 vi·

703 3402 777 3450 regno
794 3398 850 3444 tuo,
871 3403 901 3433 ne
915 3389 985 3452 genti
1000 3390 1165 3438 Macedonum
1180 3404 1213 3436 es·

702 3481 759 3514 sem.
768 3467 862 3513 Em-u
872 3467 906 3512 ld
912 3467 989 3524 enim,
999 3468 1054 3515 scil.
1064 3478 1093 3516 ut
1102 3468 1213 3533 indignus

703 3556 727 3591 te
735 3556 818 3608 petre,
828 3545 844 3590 i.
854 3561 880 3593 o.
892 3545 982 3603 videar,
989 3546 1060 3594 vitiis
1065 3547 1141 3604 meis,
1151 3561 1213 3595 nem·

702 3639 734 3687 pe
749 3639 798 3670 non
812 3623 937 3680 cedendo,
955 3625 996 3672 cui
1005 3625 1049 3689 jus
1057 3625 1152 3690 fasque
1165 3635 1212 3680 est,

703 3717 752 3748 non
769 3702 903 3759 modestia,
918 3703 936 3752 i.
948 3720 969 3751 e.
981 3702 1149 3762 immodestis,
1159 3719 1214 3750 cors·

702 3793 806 3844 sequnn-
820 3781 859 3829 vel
871 3782 955 3846 potius
966 3781 996 3829 id
1005 3782 1080 3839 entis,
1093 3799 1128 3831 sc.
1139 3794 1166 3831 ut
1179 3783 1214 3830 in·

703 3860 829 3923 dignus...
853 3861 945 3919 videar,
964 3861 1032 3909 vitiis
1054 3862 1116 3910 meis
1137 3876 1214 3910 com

703 3955 775 4002 quar,
796 3955 845 3986 nou
866 3957 1003 4004 consequar
1018 3940 1142 3997 cedendo,
1167 3957 1213 3988 non

703 4034 838 4083 consequar
857 4021 995 4086 modestia(
1006 4024 1039 4069 ite
1053 4022 1162 4069 cedendo
1180 4038 1214 4069 re·

703 4099 778 4145 lestus-
795 4099 825 4146 sd
849 4100 889 4159 id,
912 4101 979 4164 quod
999 4113 1173 4165 precesserat,
1191 4117 1215 4148 se

146 4175 231 4232 detur,
256 4173 323 4238 quod
345 4173 473 4237 displiceat
493 4176 558 4239 vulg.
586 4177 659 4225 lectio
703 4194 749 4225 nec
762 4195 828 4226 nune
839 4196 935 4244 sperare
949 4196 1123 4245 regnum,nec
1140 4179 1215 4228 embi-

146 4253 307 4318 repstitioqus
325 4252 394 4298 vocis
404 4251 532 4317 indagans,
550 4256 570 4301 si
585 4256 659 4303 omni-
703 4273 773 4321 gere,
785 4270 831 4306 etc.
845 4259 965 4308 modestia
980 4259 1012 4306 sd
1023 4260 1063 4319 id,
1076 4262 1134 4323 quie
1148 4271 1215 4325 peter

146 4334 189 4381 bus
198 4332 271 4381 tertio
280 4346 337 4378 casu
348 4329 441 4379 dictum
453 4332 596 4396 accipiatur,
609 4332 657 4381 hoc
702 4353 757 4384 eum
768 4339 855 4398 majori
866 4338 952 4386 cedere
964 4339 1062 4387 volebat
1073 4337 1096 4404 ):
1107 4353 1152 4388 ιιιι
1169 4339 1207 4402 leg

145 4427 232 4462 sensu:
243 4421 270 4458 ut
279 4409 392 4474 indigum
399 4423 511 4474 tepuere,
524 4413 657 4477 etquidem
702 4416 731 4463 td
741 4418 805 4464 enim
817 4418 885 4465 vitiis
898 4419 969 4475 meis,
983 4435 1032 4466 non
1050 4419 1162 4475 cedendi,
1177 4433 1206 4464 cu

144 4491 257 4556 indignus
275 4501 300 4536 te
314 4490 423 4537 omnibus
435 4490 539 4545 videar,
554 4493 578 4539 h.
595 4510 618 4541 e.
633 4505 657 4540 et
697 4495 740 4560 jus
748 4495 841 4561 sasque
859 4510 908 4553 est,
928 4498 1047 4545 modestia
1062 4512 1213 4562 consequar:

143 4569 189 4618 tibi
208 4582 233 4620 et
254 4570 338 4619 amicis
352 4581 376 4620 et
395 4571 508 4622 inimicis.
526 4602 561 4611 α
581 4575 660 4634 liuius
704 4589 790 4623 omnes
798 4587 864 4622 certe
871 4578 936 4623 MSS
944 4577 1027 4624 delent
1035 4579 1064 4626 ei
1073 4593 1120 4623 ιιοιι
1129 4577 1215 4626 ulum
