2722 5040
171 754 216 823 αι
586 752 625 821 r.
658 751 803 822 mvn
1081 728 1207 834 titt:

167 874 329 947 exercitu
348 875 555 946 Crauoncm
574 885 631 944 est
652 894 876 971 pmgressru.
898 874 1069 945 venienti
1085 872 1232 945 Pharsa-

126 1004 129 1011 ·
167 986 244 1074 lus,
264 989 431 1058 scotuna
449 998 487 1057 et
505 981 650 1073 Pherae,
671 1008 825 1082 queque
844 984 884 1055 in
904 984 956 1055 eis
972 981 1137 1082 praesidia
1155 987 1233 1055 Au·

166 1093 280 1189 tiochi
298 1107 423 1182 erant,
445 1090 641 1165 deduntur.
663 1098 716 1167 Ex
735 1094 777 1164 iis
798 1094 1048 1191 interrogatis,
1069 1097 1134 1191 qui
1153 1119 1233 1166 rna·

167 1228 256 1276 nece
276 1226 398 1276 secum
420 1202 575 1289 vellent,
595 1203 696 1276 mille
714 1203 879 1276 volentes
896 1201 1086 1303 Philippo³
1101 1202 1232 1295 tradit3

168 1329 316 1387 caeteros
326 1315 482 1386 inermes
493 1313 760 1386 Demetriadem
768 1314 930 1405 remittit.
943 1317 1139 1387 Proernam
1147 1314 1234 1387 inde

167 1427 325 1524 recepit,
348 1438 386 1497 et
401 1448 483 1521 quae
503 1424 691 1497 circaeam
706 1424 851 1497 castella
865 1439 978 1497 eraut
997 1429 1139 1498 Ducere
1154 1440 1233 1498 tum

167 1558 280 1633 porro
295 1535 334 1605 in
349 1535 469 1605 sinum
482 1534 673 1607 Maliacum
687 1535 806 1634 coepit.
820 1536 1149 1633 Appropinquante
1161 1533 1236 1606 fau·

167 1643 288 1733 cibus,
308 1667 419 1743 super
440 1669 531 1743 quas
553 1647 613 1718 siti
634 1646 829 1718 Thaumaci
847 1658 949 1732 sunt,
965 1644 1106 1718 deserta
1121 1644 1235 1734 urbe,

164 1754 337 1849 juventus
359 1755 479 1826 omnis
502 1769 638 1827 armata
652 1755 757 1828 silvas
772 1769 810 1827 et
826 1756 957 1827 itinera
970 1754 1121 1845 insedit,
1140 1770 1178 1827 et
1196 1757 1235 1826 in

168 1887 299 1962 agmen
329 1890 522 1938 romanum
555 1890 599 1938 ex
632 1865 880 1965 superioribus
910 1867 999 1938 locis
1027 1867 1233 1938 incursavit.

168 1974 306 2046 Consul
318 1976 436 2073 primo
448 1977 612 2067 mittere,
626 1980 691 2075 qui
703 2003 748 2050 ex
761 1979 973 2077 propinquo
985 1977 1237 2075 colloquentes

168 2082 395 2156 deterrerent
412 2084 474 2157 eos
497 2109 519 2157 a
540 2086 605 2158 tali
622 2086 769 2160 furore:
789 2101 984 2186 postquam
1006 2111 1236 2186 perseverare

167 2195 207 2265 in
227 2195 373 2293 incepto
392 2194 504 2285 vidit,
522 2196 673 2269 tribuno
691 2221 775 2269 curn
792 2196 949 2269 duorum
965 2198 1154 2295 signorum
1171 2198 1238 2266 mi·

167 2305 292 2378 litibus
309 2308 579 2397 circummiss0,
600 2308 801 2379 interclusit
818 2306 865 2378 ad
883 2307 1103 2380 urbem-iter
1119 2332 1236 2379 arma-

169 2418 237 2504 tis,
261 2440 486 2516 vacuamque
508 2441 589 2489 eam
612 2419 719 2516 cepit.
737 2423 854 2504 Tum,
881 2417 1039 2491 clamore
1063 2417 1109 2489 ab
1133 2433 1237 2514 tergo

169 2541 283 2626 captae
303 2527 405 2600 urbis
429 2529 575 2615 audito,
604 2526 862 2627 refugientium
887 2528 1052 2626 undique
1073 2553 1118 2600 ex
1140 2527 1238 2598 silvis

169 2637 421 2711 insidiatorum
440 2639 556 2712 caedes
575 2637 668 2711 facta
686 2653 751 2711 est.
772 2641 804 2710 A
821 2640 1035 2711 Thaumacis
1049 2639 1163 2710 altero
1179 2638 1238 2709 die

169 2748 298 2820 consul
319 2746 365 2820 ad
388 2749 603 2847 Sperchium
628 2772 773 2823 amnem
799 2752 987 2849 pervenit:
1012 2749 1097 2823 iude
1118 2755 1237 2848 Hypa-

169 2874 320 2933 tnorum
337 2884 443 2960 agros
457 2863 619 2934 vastavit.

219 2976 296 3043 XV.
320 2974 445 3062 Quum
469 2971 546 3043 haec
565 2972 804 3071 agebantur¹,
828 2971 999 3044 Chalcide
1017 2986 1094 3042 erat
1110 2972 1238 3042 Antio·

171 3079 261 3154 chus
276 3108 284 3151 ε
300 3084 380 3180 qui,
391 3082 468 3179 jam
479 3097 559 3155 tum
573 3107 745 3171 cerneus,
762 3082 853 3155 nihil
866 3107 904 3155 se
919 3107 964 3155 ex
979 3082 1133 3167 Graecia,
1148 3104 1239 3179 prae-

171 3203 228 3263 ter
246 3214 390 3264 amoena
408 3191 579 3266 Chalcide
597 3190 751 3266 hiberna
771 3208 809 3266 et
824 3191 976 3265 infames
994 3191 1159 3289 nuptias,
1179 3214 1239 3287 pe·

169 3302 489 3391 tisse,lEtolorum
500 3328 592 3376 vana
603 3305 779 3404 promissa
791 3304 957 3376 incusare
970 3315 1008 3373 et
1018 3300 1239 3383 Thoantem

171 3410 412 3484 Hannibalem
429 3438 538 3503 vero,
553 3439 631 3487 non
646 3429 688 3486 ut
704 3413 920 3514 prudentem
940 3425 1081 3483 tantum
1102 3412 1239 3491 virum,

207 3608 312 3659 amula
328 3609 438 3659 volentes
455 3609 569 3677 Pttuppo
591 3612 684 3670 tradit,·
728 3628 774 3674 eo,
804 3622 832 3661 ut
855 3608 1067 3677 progredientibus
1084 3609 1241 3666 XXXVIII,

170 3684 269 3737 vidend
281 3688 359 3747 m,
373 3690 420 3753 39,
431 3707 457 3740 n.
472 3690 683 3749 k.-·'l²roemam,
732 3691 764 3739 15
776 3707 814 3758 pt.
828 3717 864 3728 -
880 3690 992 3738 Duorum
1004 3687 1144 3754 sr'gnurum,
1165 3689 1242 3735 maui-

170 3776 200 3815 ιη
211 3766 279 3832 :pud
295 3767 410 3817 strubon.
426 3770 480 3829 tx,
498 3770 684 3842 tusseium
729 3772 861 3837 pulcrum
873 3768 924 3820 vid.
933 3770 1204 3832 numen».

171 3845 241 3908 «ὡς
253 3849 366 3905 murts»
387 3850 473 3915 steph
489 3876 525 3888 --
541 3851 685 3901 &rocem
763 3848 1241 3914 Car.1V.r.Qunmloecagebantur,·

171 3926 206 3979 Τὸ
216 3927 448 3979 eamdelentGrou.
458 3931 685 3981 aescendune
730 3930 831 3981 vidend
841 3947 897 3996 cap.
908 3931 938 3989 5,
952 3946 978 3979 n.
994 3945 1016 3978 1.
1028 3956 1064 3966 -
1075 3928 1183 3995 infames
1196 3944 1242 3975 nu·

171 4022 274 4068 vocem,
294 4008 460 4074 ambiguitatis
477 4008 598 4059 evitandas
614 4026 686 4060 caum
725 4012 802 4076 prius.
810 4011 873 4075 Ilegi
881 4006 1026 4059 scilieetlm
1033 4011 1132 4073 nuptias
1140 4006 1243 4074 institues

172 4087 344 4145 necessariam,
354 4105 368 4136 e
377 4088 454 4138 codd.
462 4089 608 4138 auctoritate
616 4100 686 4138 tuen·
730 4091 780 4140 dici
792 4101 864 4155 putet
879 4089 998 4153 Docring.
1013 4104 1065 4136 uon
1079 4099 1174 4136 tantum
1187 4088 1244 4150 quin

171 4177 213 4216 tur
220 4166 296 4215 Druk.
307 4178 333 4217 et
345 4168 463 4233 Doering.
472 4169 519 4217 Eu.
527 4170 597 4216 -ln
606 4169 686 4218 seiam
732 4170 852 4236 virginem
862 4168 951 4219 humili
965 4168 1023 4216 loco
1035 4178 1117 4215 urtam
1130 4167 1179 4215 nbi
1187 4167 1245 4226 jun·

173 4244 650 4308 Maliacum5vidcad1ss111,5,u.
660 4248 687 4298 6.
731 4259 814 4308 xerat,
826 4248 871 4299 ced
887 4250 959 4298 eum
975 4247 1033 4311 quia
1055 4259 1152 4313 tenpus
1173 4246 1245 4294 rebus

172 4326 284 4391 llopriu
291 4328 375 4389 veuit,
385 4343 458 4392 quam
468 4329 593 4393 Hypeum
600 4361 609 4386 ,
617 4329 686 4392 quod
732 4329 879 4395 gravissime
888 4326 1095 4394 impendendum,
1104 4338 1130 4376 et
1143 4328 1245 4385 mmm,

172 4406 279 4456 oneum
287 4406 354 4456 utar.
364 4405 484 4471 oestron.
495 4406 540 4455 int.
550 4408 687 4466 xxxvii,
731 4425 779 4473 qm
792 4408 857 4458 belh
871 4416 1002 4467 οοιιιιιιιι,
1017 4408 1122 4473 mefites
1133 4407 1160 4454 ln
1176 4406 1245 4455 volu·

174 4485 206 4544 6,
219 4502 270 4535 uun
283 4485 311 4537 h.
322 4486 340 4534 1.
353 4513 389 4524 -
402 4485 635 4552 appropinquante,
650 4504 686 4536 ια
732 4488 806 4554 matie
815 4488 895 4537 fmutu
904 4487 1062 4537 contriverat.
1073 4487 1119 4537 Eu.
