2722 5040
169 728 238 774 200
600 705 639 771 r.
663 703 793 772 mvn
968 768 972 772 .
1075 672 1198 784 ξ’,ἓζζξξῑ

165 839 364 896 currentes.
390 822 444 896 lld
465 845 623 921 quorum
645 835 879 919 conspectum
899 821 1091 893 constitere
1109 825 1224 921 prima

168 936 283 1032 sigua,
296 948 449 1031 totoque
459 932 602 1030 agmine
618 955 729 1029 pavor
743 945 780 1003 et
792 929 983 1029 trepidatio
997 946 1093 1019 erat;
1108 947 1145 1004 et
1158 956 1225 1030 pro

168 1066 206 1116 se
224 1045 395 1141 quisque,
418 1041 591 1140 quidnam
613 1038 777 1112 futurum
795 1055 909 1128 esset,
931 1042 1108 1138 cogitare,
1136 1044 1166 1113 si
1187 1045 1224 1114 in

165 1151 273 1224 valles
289 1150 469 1246 subjectas
485 1148 637 1249 rupibus
654 1174 783 1248 agmen
800 1148 894 1222 foret
914 1149 1120 1223 demissum.
1142 1157 1225 1225 Haec

171 1263 401 1336 tumultuatio
432 1285 573 1359 regem,
599 1263 826 1358 cupientem,
851 1261 881 1332 si
908 1284 946 1332 se
976 1255 1225 1359 sequerentur,

169 1374 298 1471 raptim
311 1371 462 1444 evadere
474 1366 690 1470 angustias3,
700 1395 869 1444 revocare
879 1371 1026 1469 primos,
1036 1387 1074 1443 et
1086 1372 1225 1460 eadem,

170 1508 243 1582 qua
252 1499 417 1572 venerat,
431 1485 488 1554 via
496 1482 631 1555 relerre
639 1484 758 1580 coegit
766 1481 1100 1578 signarlthamanes
1107 1482 1226 1580 primo

170 1621 213 1668 ex
228 1594 416 1666 intervallo
436 1595 550 1692 quieti
570 1591 840 1690 sequebantur:
863 1606 1055 1690 postquam
1070 1592 1175 1663 AEtoli
1189 1615 1227 1663 se

169 1707 460 1801 conjunxerunt,
487 1702 575 1790 hos,
599 1718 642 1775 ut
663 1701 710 1775 ab
738 1718 841 1801 tergo
870 1703 1004 1801 agmini
1032 1704 1225 1790 instarent,

168 1814 414 1911 reliquerunt;
435 1813 503 1910 ipsi
520 1821 541 1884 'a
558 1811 731 1884 lateribus
748 1837 786 1885 se
804 1810 1126 1885 circumfuderunt.
1145 1814 1228 1903 Qui·

168 1923 266 2003 dam,
283 1946 348 2020 per
363 1935 471 1992 notos
482 1921 588 1994 calles
600 1921 765 1994 breviore
778 1923 834 1993 via
847 1924 1047 2021 praegressi,
1060 1923 1228 1993 transitus

169 2030 354 2119 insedere,
368 2045 582 2130 tantumque
597 2033 775 2105 tumultus
789 2032 1050 2104 Macedonibus
1067 2047 1121 2104 est
1138 2033 1226 2130 inje-

170 2156 287 2230 ctum,
308 2155 349 2216 ut
371 2140 462 2240 fuga
483 2145 594 2241 magis
618 2141 758 2231 effusae,
778 2167 888 2240 quam
909 2143 1048 2214 itineris
1073 2141 1228 2213 ordinati

168 2251 298 2339 modo,
315 2243 439 2324 multis
456 2255 562 2325 armis
578 2253 736 2349 virisque
756 2252 906 2340 relictis,
924 2251 1061 2323 flumen
1079 2252 1229 2346 trajece-

168 2363 254 2431 rint.
284 2362 350 2431 Hic
376 2359 458 2432 finis
484 2350 660 2458 se'queudi
685 2359 762 2431 luit.
787 2361 878 2433 Inde
906 2376 988 2432 tuto
1015 2359 1229 2433 Macedones

171 2468 379 2566 Gomphos,
394 2486 430 2541 et
459 2495 479 2540 a
502 2471 681 2569 Gomphis
698 2473 737 2541 in
759 2470 1006 2543 Macedoniam
1031 2469 1228 2542 redierunt.

168 2576 386 2649 Athamanes
403 2579 580 2677 AEtolique
598 2579 801 2679 Ethopiam,
816 2580 862 2651 ad
877 2585 1062 2651 Zenonem
1075 2604 1116 2651 ac
1133 2580 1229 2652 mille

169 2687 384 2761 Macedonas
401 2689 675 2786 opprimendos,
691 2689 854 2787 undique
867 2702 1141 2759 concurrerunt.
1159 2692 1230 2760 Ma·

171 2796 353 2885 cedones,
374 2823 501 2895 parum
522 2787 601 2871 loeo
628 2798 730 2888 freti,
755 2798 802 2870 ab
829 2798 983 2896 Ethopia
1005 2799 1042 2867 in
1067 2797 1230 2875 altiorem

170 2906 490 3005 deruptioremque
513 2909 676 3007 undique
697 2907 880 2981 tumulum
903 2931 1122 2979 concessere.
1148 2911 1231 3000 Quo

170 3014 337 3113 pluribus
353 3016 439 3089 locis
451 3018 551 3090 aditu
561 3021 728 3108 invento,
740 3019 910 3116 expulere
923 3043 985 3089 eos
997 3017 1230 3102 Athamanes3

172 3125 446 3224 dispersosque,
473 3144 508 3199 et
528 3155 593 3227 per
611 3132 723 3202 invias
745 3145 854 3226 atque
878 3130 1017 3226 ignotas
1035 3153 1146 3226 rupes
1165 3131 1232 3200 iter

171 3240 264 3340 lugae
278 3266 355 3313 nou
371 3244 619 3341 expedientes,
633 3247 763 3344 partim
778 3237 965 3342 ceperunt,
983 3244 1114 3341 partim
1126 3240 1233 3315 int'er·

170 3349 344 3423 lecerunt.
369 3353 476 3427 Multi
499 3380 634 3453 pavore
658 3358 694 3426 in
721 3357 871 3453 derupta
893 3355 1124 3453 praecipitati,
1148 3378 1232 3452 per·

171 3461 277 3558 pauci
297 3485 379 3534 cum
404 3468 550 3535 Zenone
568 3464 613 3535 ad
639 3490 759 3562 regem
783 3478 981 3537 evaserunt.
1004 3469 1152 3535 Postero
1174 3461 1232 3537 die

173 3592 238 3666 per
258 3570 437 3642 inducias⁴
460 3575 656 3673 sepeliendi
679 3599 788 3647 caesos
809 3590 966 3673 potestas
983 3571 1075 3645 lacta
1094 3587 1159 3645 est.

209 3801 234 3847 3.
246 3801 344 3867 Raptim
353 3804 454 3853 wadon
468 3808 594 3872 angustias
600 3826 611 3865 ,·
625 3810 681 3858 vide
725 3812 798 3876 cepit.
806 3814 894 3859 Postea
898 3826 946 3874 per
958 3806 1078 3863 inducias,
1090 3816 1137 3855 ete.
1145 3804 1233 3870 reliqui

172 3876 204 3923 aa
217 3880 297 3938 xm,
313 3880 362 3940 32,
373 3899 399 3930 ιι.
413 3885 436 3933 s.
448 3912 483 3921 -
495 3886 593 3934 rrum
607 3889 681 3954 naje-
724 3891 787 3939 uss
799 3889 889 3938 oreae
898 3899 960 3936 nun.
969 3886 1060 3934 mrum
1071 3900 1143 3944 une,
1156 3884 1233 3933 ⁸1¹¹oe

174 3955 257 4004 serint.
276 3959 327 4007 Cur
342 3976 434 4010 nomen
458 3962 563 4012 fluminis
579 3982 682 4016 comme·
724 3969 757 4016 ita
774 3970 894 4026 evenerit,
906 3977 947 4015 aut
961 3964 1058 4014 evenire
1070 3964 1193 4028 potuerit,
1205 3951 1240 4012 ut¹

173 4048 266 4083 morere
285 4037 417 4102 neglexerit
437 4042 532 4102 Livius,
552 4060 598 4091 nos
612 4047 680 4096 latet.
725 4048 811 4096 eodem
823 4048 867 4107 die
879 4063 923 4112 pet
937 4043 1066 4108 Gomphos
1082 4043 1109 4091 iu
1121 4041 1234 4091 Macedo·

172 4115 264 4161 Forsan
283 4115 414 4179 ignobilius
426 4120 517 4168 Nostro
538 4120 616 4172 visum
632 4136 681 4184 est,
725 4128 791 4174 niam
804 4125 836 4173 ad
846 4141 926 4189 regem
939 4124 1044 4187 lugerint
1053 4121 1148 4185 aliqui·
1161 4121 1196 4169 ἰὴ
1206 4129 1234 4169 Ιῑ

173 4190 221 4238 nisi
233 4190 387 4243 librariorum
398 4196 468 4261 culpa
482 4199 583 4248 excidit.
598 4203 644 4251 En.
723 4216 840 4269 sequente
849 4205 929 4252 statim
938 4202 1054 4251 redierint
1063 4201 1090 4247 iu
1099 4200 1181 4248 locum
1191 4215 1235 4264 pu·

209 4276 234 4325 l·
245 4273 345 4320 Postero
364 4274 404 4322 die
417 4292 466 4340 per
482 4276 593 4328 udaias
605 4281 682 4346 (vide
725 4301 795 4349 gum
807 4284 945 4333 JeeGrou.
956 4282 1116 4329 allectionem
1125 4289 1234 4328 nostram

173 4347 205 4396 “l
218 4351 257 4410 11,
278 4351 325 4410 ¹⁸2
341 4352 682 4428 ¹¹·1ltepeliendiceesosp.
726 4366 747 4411 si
761 4365 816 4429 quis
829 4364 890 4412 tueri
907 4363 981 4422 velit,
998 4359 1152 4409 statuendum
1172 4359 1232 4415 erit,

166 4425 252 4490 fest,
263 4427 316 4477 bec
326 4430 404 4480 Aldus
414 4449 446 4479 ex
454 4433 510 4481 cod.
521 4436 635 4499 Moguut.
649 4457 683 4489 re·
728 4443 885 4506 posteriorem
898 4441 960 4489 haue
973 4439 1065 4488 cladem
1078 4437 1169 4486 narnri
1181 4436 1234 4500 qui·
