2722 5040
225 821 294 908 sm
656 821 853 888 rnwn
1132 804 1259 917 &5ss

272 947 352 1015 VIII
371 944 483 1035 (XII).
502 941 656 1011 Comitia
673 940 805 1011 deinde
820 940 951 1010 habita.
967 940 1141 1011 Consules
1157 944 1285 1026 creati,

221 1049 920 1147 C.ClaudIusPulcher,Ti.Sempronius
937 1049 1121 1120 Gracchus
1138 1077 1146 1118 :
1166 1065 1202 1121 et
1217 1076 1285 1148 po·

220 1164 382 1237 sterodie
390 1177 560 1261 praetores
569 1159 710 1246 facttl’.
720 1158 977 1231 AEliusTubero
984 1162 1127 1246 iterum,
1135 1164 1289 1251 GQnin.

220 1278 292 1348 tius
305 1274 539 1353 Flamininus,
557 1275 596 1342 C.
608 1272 808 1357 Numisius,
819 1274 857 1339 L.
868 1273 1101 1358 Mummius¹‚
1121 1276 1185 1342 Cn.
1201 1275 1287 1341 Cor-

221 1387 335 1457 nelius
356 1386 497 1482 Scipio,
519 1386 558 1452 G.
575 1381 741 1452 Valerius
760 1382 933 1452 Laevinus.
950 1381 1134 1453 Tuberoni
1147 1381 1285 1452 urbana

217 1494 442 1590 jurisdictio,
463 1493 613 1582 Quintio
636 1493 825 1588 peregrina
849 1494 987 1577 evenit,
1009 1495 1173 1564 Numisio
1197 1495 1285 1564 Sici·

218 1605 286 1692 lia,
304 1606 480 1675 Mummio
499 1602 681 1689 Sardinia;
699 1602 763 1673 sed
780 1628 824 1674 ea
841 1619 991 1701 propter
1008 1602 1094 1675 belli
1110 1607 1284 1702 magnitu-

221 1714 342 1785 dinem
363 1715 549 1812 provineia
565 1713 763 1783 consularis
781 1711 874 1783 lacta
891 1740 899 1781 τ
918 1713 1103 1784 Gracchus
1119 1739 1198 1785 eam
1214 1740 1285 1784 sor·

220 1825 327 1910 titur,
350 1825 488 1893 Istriam
504 1822 723 1894 Claudins²:
743 1824 864 1920 Scipio
883 1838 919 1894 et
936 1825 1098 1894 Laevinus
1115 1824 1283 1910 Galliam,

219 1936 257 2003 in
279 1932 369 2004 duas
389 1931 539 2003 divisam
558 1933 779 2030 provincias,
798 1935 916 2004 sortiti
934 1949 1029 2005 sunt.
1048 1933 1174 2006 Idibus
1191 1939 1285 2005 Mar-

220 2046 300 2129 tiis,
329 2068 405 2140 quo
433 2042 492 2114 die
524 2043 760 2140 Sempronius
791 2042 1034 2139 Claudiusque
1059 2041 1284 2113 consulatum

219 2157 397 2240 inierunt,
415 2153 554 2223 mentio
570 2167 712 2223 tanturn
727 2152 773 2223 de
787 2155 980 2251 provinciis
995 2153 1155 2223 Sardinia
1170 2155 1286 2224 Istria-

220 2289 294 2362 que
311 2279 347 2335 et
367 2264 554 2359 utriusque
578 2262 743 2333 hostibus
765 2261 856 2351 luit,
879 2266 999 2360 quiin
1023 2263 1079 2334 his
1095 2265 1285 2361 provinciis

220 2373 355 2446 bellum
372 2373 618 2444 concivissent.
635 2377 782 2444 Postero
796 2374 854 2445 die
869 2374 976 2471 legati
990 2374 1205 2462 Sardorum,
1223 2375 1284 2470 qui

221 2485 265 2553 ad
293 2507 407 2552 novos
432 2483 660 2579 magistratus
684 2480 810 2552 dilati³
837 2498 960 2570 erant,
984 2500 1020 2555 et
1043 2488 1081 2553 L.
1108 2486 1286 2556 Minucius

219 2594 416 2678 Thermus,
436 2593 498 2687 qui
519 2591 655 2687 legatus
670 2593 797 2662 Manlii
813 2594 969 2664 consulis
984 2597 1020 2662 in
1036 2596 1138 2664 Istria
1151 2592 1284 2681 fuerat,

222 2703 257 2769 in
277 2714 440 2770 senatum
463 2701 571 2769 venit.
598 2698 654 2768 Ab
674 2701 728 2770 his
749 2702 899 2772 edoctus
918 2718 972 2774 est
991 2718 1153 2791 senatus,
1170 2731 1285 2801 quan·

221 2823 298 2878 tum
319 2805 404 2877 belli
423 2832 472 2876 em
491 2809 683 2904 provinciae
705 2809 891 2882 haberent.
912 2816 1104 2883 Moverunt
1122 2831 1285 2886 senatum

222 2933 257 2989 et
276 2918 473 3013 legationes
492 2918 631 2987 socium
653 2922 809 2989 nominis
828 2920 947 3008 latini,
966 2947 1047 3017 quar
1067 2937 1102 2993 et
1119 2949 1286 2996 censores

221 3043 257 3099 et
278 3028 416 3125 priores
437 3027 603 3097 consules
620 3025 876 3125 fatigaverant,
899 3030 1045 3101 tandem
1064 3033 1101 3100 in
1121 3050 1284 3105 senatum

220 3136 445 3208 introducta.
458 3141 602 3206 Summa
617 3140 846 3233 querelarum
857 3155 949 3226 erat,
961 3145 1058 3211 Cives
1065 3168 1150 3213 suos
1161 3149 1286 3216 Romae

259 3368 320 3414 Car.
327 3366 396 3413 Vlll.
405 3379 426 3412 r.
436 3366 464 3410 L.
473 3362 604 3412 Mummius
611 3379 656 3428 pro
665 3365 733 3429 vulg.
778 3369 844 3415 conl.
860 3384 912 3431 cap.
924 3370 953 3425 6,
973 3382 997 3417 et
1013 3371 1043 3417 ad
1059 3372 1136 3430 XXI,
1156 3371 1205 3430 ⁵3,
1223 3389 1248 3420 n.
1261 3373 1285 3420 3.

226 3448 252 3495 C.
268 3443 397 3493 Mummius
416 3441 496 3503 edidi,
514 3445 570 3505 qula
586 3445 614 3491 L.
631 3443 734 3501 dicitur,
779 3449 841 3495 Mox
851 3449 940 3495 Inserui
952 3465 1008 3496 eum
1018 3450 1088 3499 Crev.
1098 3462 1123 3497 et
1133 3462 1190 3514 post
1201 3463 1286 3499 erant:

224 3542 278 3589 cap.
297 3540 329 3586 9,
345 3533 370 3570 et
381 3523 506 3579 XXVIII,
523 3522 572 3580 ⁵4,
583 3532 608 3569 et
621 3522 647 3569 in
660 3523 735 3570 tutis
778 3527 819 3574 aed
834 3539 858 3574 et
871 3527 933 3576 forte
948 3540 1068 3575 arcuerunt
1082 3531 1126 3592 (ut
1135 3530 1287 3579 commodior

224 3603 330 3668 Capitol.
352 3604 415 3650 Mox
437 3604 466 3649 P.
492 3601 603 3649 Valerius
627 3603 735 3649 larinus
779 3607 895 3654 reseratur
905 3618 929 3655 et
940 3607 972 3654 ad
982 3607 1112 3655 Sardorum
1120 3609 1286 3674 legatoa)leg.
1315 3604 1320 3613 ⁴

225 3682 320 3732 emend.
333 3681 401 3745 Pigh.
415 3681 442 3728 in
451 3684 517 3729 Ano.
533 3680 565 3728 ad
579 3697 600 3728 a.
616 3682 674 3742 576.
688 3681 736 3729 Sed
779 3700 825 3747 pro
834 3686 910 3732 venit.
921 3686 958 3733 cf.
968 3697 1047 3734 tamen
1057 3687 1088 3733 ad
1098 3704 1153 3751 cap.
1167 3704 1196 3736 ra
1206 3724 1213 3747 ,
1225 3706 1250 3738 n.
1262 3691 1286 3738 3.

226 3762 276 3811 vid.
286 3761 409 3810 nutent».
780 3789 814 3799 —
829 3765 863 3809 Et
876 3780 984 3811 censores
1002 3776 1027 3810 et
1045 3768 1152 3813 consules
1161 3765 1287 3833 fatigare·

261 3859 286 3888 a.
303 3840 427 3888 Graeclam
440 3855 495 3887 eam
507 3840 622 3896 sortitur,
637 3839 735 3887 Istriam
780 3853 851 3899 rant,
864 3858 900 3889 sc.
913 3843 1039 3905 prechus,
1052 3862 1115 3909 sape
1124 3847 1249 3910 petendo,
1261 3859 1289 3896 ut

228 3918 360 3975 Claudium·
377 3918 448 3967 verbe
465 3929 576 3982 suspecta
588 3930 639 3966 tum
653 3918 686 3964 ob
701 3919 736 3966 in·
780 3915 804 3965 in
818 3932 928 3967 serratum
940 3921 1155 3971 introducerentur.
1170 3926 1244 3976 Conl'.
1256 3926 1288 3976 td

227 4009 318 4061 gratam
331 3998 500 4062 repetitionem
510 4013 597 4045 vocum
607 4013 637 4044 ea
649 4008 672 4044 et
683 4014 734 4045 sor·
780 4001 831 4060 III,
845 4007 873 4060 4,
888 4017 912 4049 n.
925 4018 950 4050 a.
962 4003 1134 4068 Fatigarerant
1149 4022 1204 4053 cum
1217 4007 1289 4055 Crat.

226 4077 266 4124 titi
281 4088 350 4133 sunt,
366 4087 417 4124 tum
430 4077 487 4140 quia
506 4076 602 4124 demum
619 4093 672 4140 cop.
684 4093 734 4139 aeq.
780 4081 876 4142 reposui
886 4097 931 4143 pro
941 4082 1006 4145 vulg.
1010 4082 1186 4147 satrgarerurrt.
1192 4085 1291 4135 -an·

226 4167 353 4218 narratur,
370 4155 413 4203 lm
435 4155 573 4218 provitrcias
595 4155 735 4204 consulibua
780 4169 859 4221 gotum
882 4159 988 4209 defendit
998 4161 1094 4208 Walch.
1115 4164 1216 4214 Emend.
1233 4167 1289 4216 nv.

227 4236 335 4283 «Iteratur
354 4248 420 4289 esset
438 4232 513 4282 Drak.
534 4234 602 4282 Idem
618 4251 678 4282 mox
697 4235 736 4283 de·
779 4253 836 4305 pag.
855 4240 901 4300 73,
916 4240 1014 4289 laudato
1034 4241 1155 4290 simillimo
1174 4245 1291 4310 exemplo

228 4314 326 4361 lendum
346 4309 447 4375 putabat
462 4310 584 4375 utriusque
597 4325 622 4360 et
633 4315 734 4377 proriu-
780 4320 875 4379 XXI,1
889 4336 924 4384 pr.
933 4323 1022 4368 Noram
1032 4322 1292 4388 ejusconsule,qu2n

227 4391 519 4448 cir's,ncrever.tomm
532 4389 581 4438 hoc
599 4391 642 4455 qui
658 4391 694 4440 lu's
710 4393 735 4440 r'rr
780 4397 797 4446 1.
818 4415 840 4444 c.
862 4400 1060 4463 transcripsImus.
1076 4401 1292 4462 Quemadmodum

224 4469 355 4532 provinciis
368 4466 454 4516 bellum
465 4467 628 4518 concivusent.
778 4475 813 4523 ibi
825 4476 937 4524 vicerunt
950 4495 1001 4525 esse
1013 4479 1123 4547 ἀόριστον
1136 4493 1236 4543 monet,
1251 4480 1290 4532 sle

265 4550 287 4596 3.
310 4548 354 4596 Ad
371 4561 443 4595 noros
465 4546 622 4611 maglstratus
644 4550 716 4600 dilati
726 4571 735 4610 ,·
779 4567 803 4604 et
816 4556 1116 4621 nunefatigaverrmt.llo.
