2722 5040
165 728 235 826 596
575 737 613 801 r.
646 735 783 804 mvn
1086 716 1203 829 &33:323

163 856 279 941 sauri,
295 869 331 925 et
346 853 499 944 Fundis,
519 870 556 927 et
571 854 754 927 Pollentia
771 855 879 925 etiam
900 877 1031 950 aquam
1045 851 1232 926 adducen-

162 962 267 1047 dam,
281 978 317 1035 et
331 966 465 1036 Pisauri
480 967 574 1037 viam
591 966 689 1036 silice
708 962 958 1050 sternendam,
972 978 1008 1034 et
1024 964 1230 1037 Sinuessam

164 1098 242 1170 aga
255 1074 269 1103 '
287 1076 434 1145 aviaria.
449 1080 493 1145 In
508 1075 564 1147 his
579 1090 617 1146 et
630 1076 688 1146 clo
703 1079 715 1104 “
730 1099 792 1146 um
808 1072 1111 1145 circumducend*
1126 1089 1167 1146 et
1175 1073 1230 1146 so·

163 1209 245 1255 rum
260 1187 461 1282 porticibus
473 1186 705 1282 tabernisque
719 1185 977 1272 claudendum,
990 1200 1027 1256 et
1037 1190 1144 1256 Ianos
1156 1199 1231 1257 tres

115 1326 118 1331 ·
164 1293 348 1368 iaciendos
360 1301 401 1368 ¹⁴.
425 1303 507 1369 Haec
529 1296 575 1367 ab
595 1322 672 1368 uno
692 1314 841 1368 censore
858 1320 969 1394 opera
985 1295 1123 1383 locata,
1144 1320 1230 1366 cum

165 1429 295 1504 magna
317 1410 430 1503 gratia
455 1407 682 1479 colonorum.
707 1406 872 1478 Moribus
896 1431 1044 1503 quoque
1064 1405 1232 1502 regendis

166 1515 319 1612 diligens
336 1533 372 1588 et
389 1542 510 1588 severa
529 1543 679 1590 censura
692 1515 770 1588 fuit.
786 1515 908 1588 Multis
925 1517 1010 1612 equi
1020 1512 1050 1557 ¹⁵
1060 1514 1231 1613 adempti.

213 1631 363 1700 XXVIII
373 1629 546 1724 (XXXII).
562 1631 666 1700 Exitu
678 1652 795 1727 prope
807 1630 895 1698 anni
908 1628 1003 1700 diem
1015 1652 1129 1699 unum
1142 1652 1231 1726 sup-

166 1736 310 1834 plicatio
321 1736 388 1809 fuit
397 1739 446 1810 oh
455 1766 514 1812 res
523 1764 697 1839 prospere
707 1755 824 1837 gestas
833 1741 871 1809 in
878 1738 1165 1836 Hispaniaductu
1175 1763 1233 1809 au-

166 1848 351 1945 spicioque
361 1856 426 1947 Ap.
436 1850 577 1922 Claudii
586 1849 831 1948 proconsulis,
846 1863 881 1920 et
895 1847 1093 1943 majoribus
1106 1847 1233 1919 hostiis

166 1958 293 2054 viginti
318 1959 573 2048 sacrificatum
598 1975 634 2031 et
654 1960 806 2030 alterurn
825 1959 921 2029 diem
949 1958 1162 2054 supplicatio
1187 1957 1233 2027 ad
1323 1984 1326 1989 ·

167 2069 323 2154 Cereris,
338 2069 459 2141 Liberi
468 2069 679 2167 Liberaeque
692 2068 791 2154 lnit1,
803 2066 903 2166 quod
919 2093 964 2138 ex
977 2066 1117 2137 Sabinis
1130 2083 1235 2138 terrae

168 2193 289 2250 motus
313 2182 441 2277 ingens
464 2207 548 2252 cum
566 2180 690 2252 multis
709 2179 939 2255 aedtfieiorum
959 2178 1072 2248 ruinis
1087 2179 1233 2247 nuntia-

168 2301 227 2359 tus
243 2305 330 2360 erat.
351 2293 474 2380 Quum
488 2297 553 2388 Ap.
570 2289 741 2361 Claudius
760 2316 804 2360 ex
823 2289 991 2387 Hispania
1009 2293 1160 2358 Romam
1179 2310 1235 2356 re·

169 2396 298 2487 disset,
318 2398 475 2471 decrevit
498 2416 664 2487 senatus,
682 2415 722 2471 ut
738 2425 849 2471 ovans
869 2397 998 2470 urbem
1016 2399 1132 2468 iniret.
1155 2402 1233 2466 Jarn

169 2508 371 2581 consularia
391 2511 535 2582 comitia
556 2511 777 2611 appetebant
787 2520 815 2597 ²,
835 2508 988 2607 quibus,
1009 2533 1136 2605 magna
1150 2532 1235 2578 con·

169 2619 333 2688 tentione
365 2619 496 2691 habitis
532 2637 681 2719 propter
710 2620 979 2692 multitudinem
1009 2618 1235 2715 petentium,

171 2727 281 2826 creati
302 2729 340 2794 L.
367 2731 570 2799 Postumius
596 2731 748 2802 Albinus
776 2744 812 2803 et
836 2734 884 2802 Μ.
909 2727 1080 2825 Popillius
1099 2732 1233 2797 Lanos.

171 2839 344 2907 Praetores
369 2835 454 2907 inde
479 2835 562 2908 lacti
588 2845 630 2908 N.
656 2841 787 2911 Fabius
812 2846 944 2925 Buteo,
964 2840 1012 2908 Μ.
1035 2837 1237 2919 Matienus,

172 2948 211 3017 C.
233 2949 434 3032 Cicereius,
460 2951 508 3018 M.
528 2951 655 3019 Furius
676 2952 857 3046 Crassipes
877 2952 1026 3036 iterum,
1051 2951 1093 3017 A.
1110 2946 1237 3018 Atilius

172 3062 346 3128 Serranus
366 3060 517 3144 iterum,
540 3060 579 3128 C.
602 3058 749 3130 Cluvius
767 3058 895 3128 Saxula
914 3059 1055 3129 iterum.
1074 3056 1238 3128 Comitiis

174 3165 364 3262 perlectis,
388 3173 453 3266 Ap.
473 3167 644 3245 Claudius
664 3166 827 3254 Centho,
852 3191 895 3238 ex
917 3166 1106 3240 Celtiberis
1126 3191 1237 3236 ovans

214 3451 253 3498 14.
264 3447 341 3491 Ianos
352 3455 400 3491 tres
403 3443 551 3508 faciendos,
564 3462 626 3508 quos
635 3445 685 3492 vul·
764 3444 826 3492 Csr.
840 3443 962 3490 xxvtu.
976 3457 999 3490 1.
1017 3443 1053 3488 Et
1060 3441 1164 3488 alterum
1174 3436 1238 3484 diem

175 3537 208 3585 go
225 3534 313 3586 putant
332 3539 383 3570 essa
402 3525 478 3573 Janos
490 3541 623 3581 summum,
636 3542 684 3572 me·
729 3520 875 3586 supplicatio
884 3520 951 3585 snit,
972 3534 1046 3568 unum
1064 3517 1128 3564 dium
1148 3513 1181 3561 ob
1201 3529 1239 3561 res

176 3599 244 3650 dIum
254 3613 278 3650 et
290 3602 365 3650 imum
379 3603 404 3652 in
416 3604 470 3651 loro
481 3606 593 3651 Romano
607 3604 638 3651 ad
647 3604 687 3652 ba·
730 3616 847 3668 prospere
860 3611 940 3664 gestas
951 3600 976 3647 ln
986 3595 1117 3662 Hispanis,
1126 3605 1150 3640 0¹
1163 3607 1238 3639 unum

174 3677 267 3728 silicam
275 3682 394 3729 AEmiliam
405 3715 412 3740 ,
424 3698 495 3730 arcus
506 3699 653 3730 marmoreos
663 3694 688 3730 et
731 3681 764 3728 ob
781 3691 852 3727 terrac
872 3689 980 3727 motum:
994 3677 1021 3723 in
1035 3674 1175 3722 universum
1190 3681 1241 3717 tan·
1334 3675 1337 3682 ’

177 3757 310 3807 lutulentos
328 3761 458 3817 transitus,
472 3777 517 3825 per
528 3777 591 3824 quos
609 3761 638 3808 in
649 3761 686 3811 lo·
731 3771 784 3809 tum
803 3758 923 3817 biduum,
942 3754 1006 3804 nuk.
1028 3751 1101 3804 Conf-
1126 3752 1241 3807 XXVII,

178 3851 231 3883 rum
244 3837 408 3888 descenditur.
422 3840 461 3888 CI.
472 3839 503 3887 sd
513 3842 551 3898 Il,
561 3848 604 3903 49,
616 3857 641 3888 n.
656 3842 687 3898 83
733 3849 765 3901 s,
780 3850 806 3888 et
817 3839 954 3894 XXXVII,
972 3842 1003 3894 ti
1018 3831 1050 3881 td
1061 3834 1095 3890 Vs
1114 3831 1159 3889 ¹³,
1174 3847 1198 3878 ¹¹·
1211 3829 1238 3885 53

178 3914 260 3964 schol.
279 3928 303 3964 st
322 3919 401 3983 lntpp.
420 3921 506 3967 Horat.
523 3920 601 3984 Epist.
613 3922 638 3977 1,
658 3933 687 3978 ι,
732 3920 846 3968 Gronov.
866 3916 897 3965 de
915 3917 971 3962 Pec.
984 3915 1042 3962 Vct.
1062 3913 1107 3972 IV,
1128 3911 1158 3967 5,
1179 3920 1240 3957 extr.

178 4013 203 4044 s.
215 3995 297 4056 ὄψι
307 3990 477 4057 su.11,3,v.
492 4000 687 4061 18;Snet.Ang.
732 4015 758 4062 p.
769 3994 929 4060 apt-Ad
938 3988 1243 4049 Cereris,LiberiLiberoe-
1311 4043 1313 4047 ¹

179 4077 221 4123 δι.
240 4075 331 4122 Verum
343 4090 394 4122 non
409 4076 439 4124 de
450 4077 519 4125 anis
532 4081 633 4134 Itomae,
645 4076 688 4124 sed
733 4093 793 4142 qus,
810 4087 857 4124 etc.
874 4073 932 4122 vids
948 4073 980 4122 ad
996 4076 1025 4132 1,
1041 4072 1090 4132 33,
1106 4087 1131 4117 n.
1148 4072 1176 4127 6;
1192 4070 1242 4127 III,

179 4156 313 4213 stum,
324 4165 368 4201 sut
377 4154 403 4202 in
412 4155 493 4219 sIIqus
503 4168 569 4205 ceste
578 4155 689 4213 colonis,
735 4155 768 4203 55
774 4189 781 4216 ,
793 4170 819 4204 n.
835 4155 866 4213 83
880 4155 957 4201 xxu
967 4186 975 4212 ,
985 4152 1032 4209 36,
1042 4167 1067 4199 n.
1080 4165 1106 4212 9.

166 4264 169 4271 ·
180 4235 310 4284 exstructis
317 4233 343 4284 h.
352 4232 370 4281 l.
377 4233 429 4297 agi,
438 4234 510 4282 verbs
520 4251 573 4300 sqq.
583 4236 689 4294 docent3
770 4250 794 4282 a.
810 4232 956 4281 Consularis
968 4229 1070 4280 cernitis
1080 4228 1243 4293 appetebam

179 4314 304 4370 Meni)-
734 4313 790 4360 ride
812 4311 843 4360 ad
852 4313 884 4372 V,
902 4327 948 4374 19,
969 4328 994 4360 n.
1017 4326 1041 4358 2.
1053 4336 1088 4346 -
1099 4307 1127 4356 C.
1149 4304 1244 4354 Cluvius

119 4378 120 4382 Ἰ
218 4394 258 4443 15.
269 4394 352 4442 Multis
372 4392 429 4458 equi
444 4390 552 4457 adempti
557 4411 567 4449 ,·
585 4393 640 4441 vids
658 4393 688 4441 nd
733 4391 944 4449 Saxulat'tsrumff
954 4390 1004 4439 rid.
1019 4388 1090 4454 Pigh.
1109 4385 1197 4435 Annsl.
1213 4381 1243 4430 ul

181 4472 279 4536 xm,
291 4475 320 4522 18
331 4490 371 4533 ‚m
383 4482 406 4530 4.
733 4487 823 4521 aunum
834 4471 893 4520 568.
