<?xml version="1.0" encoding="UTF-8"?>
<!DOCTYPE html PUBLIC "-//W3C//DTD XHTML 1.0 Transitional//EN"
    "http://www.w3.org/TR/xhtml1/DTD/xhtml1-transitional.dtd">
<html xmlns="http://www.w3.org/1999/xhtml" xml:lang="en" lang="en">
 <head>
  <title>
</title>
<meta http-equiv="Content-Type" content="text/html;charset=utf-8" />
  <meta name='ocr-system' content='tesseract 3.04.00' />
  <meta name='ocr-capabilities' content='ocr_page ocr_carea ocr_par ocr_line ocrx_word'/>
</head>
<body>
  <div class='ocr_page' id='page_1' title='image "./titusliviuspata05freigoog_0472.png"; bbox 0 0 2722 5040; ppageno 0'>
   <div class='ocr_carea' id='block_1_1' title="bbox 86 696 1236 2477">
    <p class='ocr_par' dir='ltr' id='par_1_1' title="bbox 152 696 1191 813">
     <span class='ocr_line' id='line_1_1' title="bbox 152 696 1191 813; baseline -0.002 -13"><span class='ocrx_word' id='word_1_1' title='bbox 152 713 221 800; x_wconf 70' lang='lat'><strong>462</strong></span> <span class='ocrx_word' id='word_1_2' title='bbox 574 713 613 780; x_wconf 66' lang='grc' dir='ltr'><strong>Τ·</strong></span> <span class='ocrx_word' id='word_1_3' title='bbox 645 714 736 782; x_wconf 73' lang='lat' dir='ltr'><strong>mv</strong></span> <span class='ocrx_word' id='word_1_4' title='bbox 745 715 784 783; x_wconf 91' lang='lat'><strong>11</strong></span> <span class='ocrx_word' id='word_1_5' title='bbox 1065 701 1093 798; x_wconf 73' lang='lat' dir='ltr'><strong>t:</strong></span> <span class='ocrx_word' id='word_1_6' title='bbox 1105 696 1191 813; x_wconf 69' lang='lat'><strong>2:331:</strong></span> 
     </span>
    </p>

    <p class='ocr_par' dir='ltr' id='par_1_2' title="bbox 86 832 1236 2477">
     <span class='ocr_line' id='line_1_2' title="bbox 151 832 1216 934; baseline 0.002 -25"><span class='ocrx_word' id='word_1_7' title='bbox 151 837 362 934; x_wconf 83' lang='lat' dir='ltr'><strong>sanguinem</strong></span> <span class='ocrx_word' id='word_1_8' title='bbox 383 832 498 931; x_wconf 79' lang='lat' dir='ltr'><strong>pluit3</strong></span> <span class='ocrx_word' id='word_1_9' title='bbox 522 847 557 903; x_wconf 88' lang='lat' dir='ltr'><strong>et</strong></span> <span class='ocrx_word' id='word_1_10' title='bbox 581 832 771 930; x_wconf 85' lang='lat' dir='ltr'><strong>pontifices</strong></span> <span class='ocrx_word' id='word_1_11' title='bbox 796 834 914 907; x_wconf 89' lang='lat' dir='ltr'><strong>hastas</strong></span> <span class='ocrx_word' id='word_1_12' title='bbox 936 853 1052 909; x_wconf 90' lang='lat' dir='ltr'><strong>motas</strong></span> <span class='ocrx_word' id='word_1_13' title='bbox 1073 842 1216 911; x_wconf 87' lang='lat' dir='ltr'><strong>nuntia·</strong></span> 
     </span>
     <span class='ocr_line' id='line_1_3' title="bbox 151 943 1236 1047; baseline 0.005 -32"><span class='ocrx_word' id='word_1_14' title='bbox 151 973 255 1034; x_wconf 88' lang='lat' dir='ltr'><strong>vere,</strong></span> <span class='ocrx_word' id='word_1_15' title='bbox 273 961 310 1018; x_wconf 90' lang='lat' dir='ltr'><strong>et</strong></span> <span class='ocrx_word' id='word_1_16' title='bbox 331 945 481 1015; x_wconf 89' lang='lat' dir='ltr'><strong>Lanuvii</strong></span> <span class='ocrx_word' id='word_1_17' title='bbox 503 943 733 1015; x_wconf 80' lang='lat' dir='ltr'><strong>simulacrum</strong></span> <span class='ocrx_word' id='word_1_18' title='bbox 754 948 907 1018; x_wconf 92' lang='lat' dir='ltr'><strong>Iunonis</strong></span> <span class='ocrx_word' id='word_1_19' title='bbox 930 951 1079 1046; x_wconf 82' lang='lat' dir='ltr'><strong>Sospitae</strong></span> <span class='ocrx_word' id='word_1_20' title='bbox 1105 950 1236 1047; x_wconf 85' lang='lat' dir='ltr'><strong>lacry··</strong></span> 
     </span>
     <span class='ocr_line' id='line_1_4' title="bbox 151 1052 1214 1153; baseline 0.004 -27"><span class='ocrx_word' id='word_1_21' title='bbox 151 1082 264 1128; x_wconf 89' lang='lat' dir='ltr'><strong>masse</strong></span> <span class='ocrx_word' id='word_1_22' title='bbox 278 1055 314 1124; x_wconf 81' lang='lat'><strong>³:</strong></span> <span class='ocrx_word' id='word_1_23' title='bbox 339 1070 375 1126; x_wconf 86' lang='lat' dir='ltr'><strong>et</strong></span> <span class='ocrx_word' id='word_1_24' title='bbox 397 1052 598 1152; x_wconf 79' lang='lat' dir='ltr'>pestilentia</span> <span class='ocrx_word' id='word_1_25' title='bbox 621 1055 658 1123; x_wconf 89' lang='lat' dir='ltr'><strong>in</strong></span> <span class='ocrx_word' id='word_1_26' title='bbox 683 1055 774 1150; x_wconf 85' lang='lat' dir='ltr'><strong>agris</strong></span> <span class='ocrx_word' id='word_1_27' title='bbox 803 1052 963 1153; x_wconf 88' lang='lat' dir='ltr'><strong>forisque</strong></span> <span class='ocrx_word' id='word_1_28' title='bbox 988 1073 1024 1128; x_wconf 91' lang='lat' dir='ltr'><strong>et</strong></span> <span class='ocrx_word' id='word_1_29' title='bbox 1049 1058 1214 1130; x_wconf 90' lang='lat' dir='ltr'><strong>concilia·</strong></span> 
     </span>
     <span class='ocr_line' id='line_1_5' title="bbox 150 1162 1214 1261; baseline 0.002 -22"><span class='ocrx_word' id='word_1_30' title='bbox 150 1168 270 1240; x_wconf 73' lang='lat' dir='ltr'><strong>bulis⁴</strong></span> <span class='ocrx_word' id='word_1_31' title='bbox 298 1168 392 1238; x_wconf 89' lang='lat' dir='ltr'><strong>etin</strong></span> <span class='ocrx_word' id='word_1_32' title='bbox 414 1162 514 1235; x_wconf 85' lang='lat' dir='ltr'><strong>Urbe</strong></span> <span class='ocrx_word' id='word_1_33' title='bbox 539 1178 637 1234; x_wconf 91' lang='lat' dir='ltr'><strong>tanta</strong></span> <span class='ocrx_word' id='word_1_34' title='bbox 657 1178 755 1251; x_wconf 89' lang='lat' dir='ltr'><strong>erat,</strong></span> <span class='ocrx_word' id='word_1_35' title='bbox 784 1179 824 1235; x_wconf 94' lang='lat' dir='ltr'><strong>ut</strong></span> <span class='ocrx_word' id='word_1_36' title='bbox 847 1165 1026 1261; x_wconf 82' lang='lat' dir='ltr'><strong>Libitina⁵</strong></span> <span class='ocrx_word' id='word_1_37' title='bbox 1048 1183 1136 1240; x_wconf 87' lang='lat' dir='ltr'><strong>tunc</strong></span> <span class='ocrx_word' id='word_1_38' title='bbox 1156 1173 1214 1241; x_wconf 83' lang='lat' dir='ltr'><strong>vix</strong></span> 
     </span>
     <span class='ocr_line' id='line_1_6' title="bbox 150 1273 1213 1373; baseline -0.001 -22"><span class='ocrx_word' id='word_1_39' title='bbox 150 1278 341 1350; x_wconf 86' lang='lat' dir='ltr'><strong>sufficeret.</strong></span> <span class='ocrx_word' id='word_1_40' title='bbox 364 1278 426 1348; x_wconf 88' lang='lat' dir='ltr'><strong>His</strong></span> <span class='ocrx_word' id='word_1_41' title='bbox 448 1273 620 1373; x_wconf 84' lang='lat' dir='ltr'><strong>prodigiis</strong></span> <span class='ocrx_word' id='word_1_42' title='bbox 640 1274 874 1372; x_wconf 80' lang='lat' dir='ltr'><strong>cladibusque</strong></span> <span class='ocrx_word' id='word_1_43' title='bbox 895 1279 990 1348; x_wconf 84' lang='lat' dir='ltr'><strong>anxii</strong></span> <span class='ocrx_word' id='word_1_44' title='bbox 1009 1283 1130 1351; x_wconf 84' lang='lat' dir='ltr'><strong>Patres</strong></span> <span class='ocrx_word' id='word_1_45' title='bbox 1150 1279 1213 1351; x_wconf 90' lang='lat' dir='ltr'><strong>de·</strong></span> 
     </span>
     <span class='ocr_line' id='line_1_7' title="bbox 150 1384 1213 1482; baseline 0 -22"><span class='ocrx_word' id='word_1_46' title='bbox 150 1402 361 1473; x_wconf 83' lang='lat' dir='ltr'><strong>creverunt,</strong></span> <span class='ocrx_word' id='word_1_47' title='bbox 382 1401 421 1455; x_wconf 91' lang='lat' dir='ltr'><strong>ut</strong></span> <span class='ocrx_word' id='word_1_48' title='bbox 439 1399 473 1455; x_wconf 89' lang='lat' dir='ltr'><strong>et</strong></span> <span class='ocrx_word' id='word_1_49' title='bbox 489 1384 672 1469; x_wconf 90' lang='lat' dir='ltr'><strong>consules,</strong></span> <span class='ocrx_word' id='word_1_50' title='bbox 687 1384 820 1482; x_wconf 90' lang='lat' dir='ltr'><strong>quibus</strong></span> <span class='ocrx_word' id='word_1_51' title='bbox 840 1385 907 1458; x_wconf 88' lang='lat' dir='ltr'><strong>diis</strong></span> <span class='ocrx_word' id='word_1_52' title='bbox 924 1389 1127 1477; x_wconf 86' lang='lat' dir='ltr'><strong>rideretur,</strong></span> <span class='ocrx_word' id='word_1_53' title='bbox 1147 1390 1213 1461; x_wconf 93' lang='lat' dir='ltr'><strong>bo·</strong></span> 
     </span>
     <span class='ocr_line' id='line_1_8' title="bbox 151 1492 1218 1593; baseline -0.001 -23"><span class='ocrx_word' id='word_1_54' title='bbox 151 1501 226 1570; x_wconf 90' lang='lat' dir='ltr'><strong>stiis</strong></span> <span class='ocrx_word' id='word_1_55' title='bbox 243 1495 439 1593; x_wconf 88' lang='lat' dir='ltr'><strong>majoribus</strong></span> <span class='ocrx_word' id='word_1_56' title='bbox 460 1492 717 1582; x_wconf 85' lang='lat' dir='ltr'><strong>sacrificarent,</strong></span> <span class='ocrx_word' id='word_1_57' title='bbox 739 1509 775 1565; x_wconf 89' lang='lat' dir='ltr'><strong>et</strong></span> <span class='ocrx_word' id='word_1_58' title='bbox 796 1494 989 1568; x_wconf 83' lang='lat' dir='ltr'><strong>decemviri</strong></span> <span class='ocrx_word' id='word_1_59' title='bbox 1007 1496 1120 1569; x_wconf 90' lang='lat' dir='ltr'><strong>libros</strong></span> <span class='ocrx_word' id='word_1_60' title='bbox 1138 1498 1218 1569; x_wconf 76' lang='lat' dir='ltr'><strong>adi·&#39;</strong></span> 
     </span>
     <span class='ocr_line' id='line_1_9' title="bbox 150 1602 1212 1705; baseline 0.003 -29"><span class='ocrx_word' id='word_1_61' title='bbox 150 1602 263 1679; x_wconf 81' lang='lat' dir='ltr'><strong>reut⁶.</strong></span> <span class='ocrx_word' id='word_1_62' title='bbox 277 1610 412 1676; x_wconf 84' lang='lat' dir='ltr'><strong>Eorum</strong></span> <span class='ocrx_word' id='word_1_63' title='bbox 424 1604 569 1675; x_wconf 85' lang='lat' dir='ltr'><strong>decreto</strong></span> <span class='ocrx_word' id='word_1_64' title='bbox 585 1603 800 1702; x_wconf 85' lang='lat' dir='ltr'><strong>supplicatio</strong></span> <span class='ocrx_word' id='word_1_65' title='bbox 814 1608 905 1678; x_wconf 89' lang='lat' dir='ltr'><strong>circa</strong></span> <span class='ocrx_word' id='word_1_66' title='bbox 915 1609 1037 1678; x_wconf 93' lang='lat' dir='ltr'><strong>omnia</strong></span> <span class='ocrx_word' id='word_1_67' title='bbox 1047 1609 1212 1705; x_wconf 90' lang='lat' dir='ltr'><strong>pulvina-</strong></span> 
     </span>
     <span class='ocr_line' id='line_1_10' title="bbox 145 1714 1212 1808; baseline 0.003 -19"><span class='ocrx_word' id='word_1_68' title='bbox 145 1722 329 1789; x_wconf 78' lang='lat' dir='ltr'><strong>riaRomae</strong></span> <span class='ocrx_word' id='word_1_69' title='bbox 343 1718 379 1787; x_wconf 91' lang='lat' dir='ltr'><strong>in</strong></span> <span class='ocrx_word' id='word_1_70' title='bbox 392 1715 488 1785; x_wconf 83' lang='lat' dir='ltr'><strong>diem</strong></span> <span class='ocrx_word' id='word_1_71' title='bbox 503 1736 616 1784; x_wconf 89' lang='lat' dir='ltr'><strong>unum</strong></span> <span class='ocrx_word' id='word_1_72' title='bbox 627 1714 759 1786; x_wconf 91' lang='lat' dir='ltr'><strong>indicta</strong></span> <span class='ocrx_word' id='word_1_73' title='bbox 769 1729 833 1787; x_wconf 90' lang='lat' dir='ltr'><strong>est.</strong></span> <span class='ocrx_word' id='word_1_74' title='bbox 846 1716 976 1789; x_wconf 90' lang='lat' dir='ltr'><strong>lisdem</strong></span> <span class='ocrx_word' id='word_1_75' title='bbox 991 1718 1212 1808; x_wconf 89' lang='lat' dir='ltr'><strong>auctoribus,</strong></span> 
     </span>
     <span class='ocr_line' id='line_1_11' title="bbox 151 1826 1212 1926; baseline 0 -26"><span class='ocrx_word' id='word_1_76' title='bbox 151 1845 186 1901; x_wconf 88' lang='lat' dir='ltr'><strong>et</strong></span> <span class='ocrx_word' id='word_1_77' title='bbox 201 1843 345 1899; x_wconf 89' lang='lat' dir='ltr'><strong>senatus</strong></span> <span class='ocrx_word' id='word_1_78' title='bbox 363 1827 522 1911; x_wconf 90' lang='lat' dir='ltr'><strong>censuit,</strong></span> <span class='ocrx_word' id='word_1_79' title='bbox 541 1840 577 1896; x_wconf 89' lang='lat' dir='ltr'><strong>et</strong></span> <span class='ocrx_word' id='word_1_80' title='bbox 596 1826 762 1897; x_wconf 88' lang='lat' dir='ltr'><strong>consules</strong></span> <span class='ocrx_word' id='word_1_81' title='bbox 780 1826 991 1915; x_wconf 84' lang='lat' dir='ltr'><strong>edixerunt,</strong></span> <span class='ocrx_word' id='word_1_82' title='bbox 1013 1843 1053 1899; x_wconf 90' lang='lat' dir='ltr'><strong>nt</strong></span> <span class='ocrx_word' id='word_1_83' title='bbox 1076 1854 1142 1926; x_wconf 85' lang='lat' dir='ltr'><strong>per</strong></span> <span class='ocrx_word' id='word_1_84' title='bbox 1161 1844 1212 1900; x_wconf 83' lang='lat' dir='ltr'><strong>to</strong></span> 
     </span>
     <span class='ocr_line' id='line_1_12' title="bbox 149 1936 1213 2033; baseline 0 -23"><span class='ocrx_word' id='word_1_85' title='bbox 149 1955 222 2010; x_wconf 88' lang='lat' dir='ltr'><strong>tam</strong></span> <span class='ocrx_word' id='word_1_86' title='bbox 238 1939 375 2009; x_wconf 89' lang='lat' dir='ltr'><strong>Italiam</strong></span> <span class='ocrx_word' id='word_1_87' title='bbox 393 1937 552 2007; x_wconf 89' lang='lat' dir='ltr'><strong>triduum</strong></span> <span class='ocrx_word' id='word_1_88' title='bbox 570 1936 785 2033; x_wconf 85' lang='lat' dir='ltr'><strong>supplicatio</strong></span> <span class='ocrx_word' id='word_1_89' title='bbox 801 1951 837 2007; x_wconf 84' lang='lat' dir='ltr'><strong>et</strong></span> <span class='ocrx_word' id='word_1_90' title='bbox 852 1936 947 2009; x_wconf 85' lang='lat' dir='ltr'><strong>Ieriae</strong></span> <span class='ocrx_word' id='word_1_91' title='bbox 961 1953 1090 2009; x_wconf 86' lang='lat' dir='ltr'><strong>essent.</strong></span> <span class='ocrx_word' id='word_1_92' title='bbox 1107 1942 1213 2010; x_wconf 88' lang='lat' dir='ltr'><strong>Pesti-</strong></span> 
     </span>
     <span class='ocr_line' id='line_1_13' title="bbox 148 2046 1211 2145; baseline -0.001 -24"><span class='ocrx_word' id='word_1_93' title='bbox 148 2051 267 2122; x_wconf 86' lang='lat' dir='ltr'><strong>lentiae</strong></span> <span class='ocrx_word' id='word_1_94' title='bbox 285 2063 384 2119; x_wconf 89' lang='lat' dir='ltr'><strong>tanta</strong></span> <span class='ocrx_word' id='word_1_95' title='bbox 406 2048 457 2116; x_wconf 91' lang='lat' dir='ltr'><strong>vis</strong></span> <span class='ocrx_word' id='word_1_96' title='bbox 478 2061 576 2133; x_wconf 87' lang='lat' dir='ltr'><strong>erat,</strong></span> <span class='ocrx_word' id='word_1_97' title='bbox 597 2061 654 2134; x_wconf 91' lang='lat' dir='ltr'><strong>ut,</strong></span> <span class='ocrx_word' id='word_1_98' title='bbox 672 2072 786 2143; x_wconf 92' lang='lat' dir='ltr'><strong>quum</strong></span> <span class='ocrx_word' id='word_1_99' title='bbox 802 2063 951 2145; x_wconf 89' lang='lat' dir='ltr'><strong>propter</strong></span> <span class='ocrx_word' id='word_1_100' title='bbox 971 2046 1211 2120; x_wconf 85' lang='lat' dir='ltr'><strong>delectionem</strong></span> 
     </span>
     <span class='ocr_line' id='line_1_14' title="bbox 147 2156 1210 2254; baseline -0.003 -22"><span class='ocrx_word' id='word_1_101' title='bbox 147 2167 358 2242; x_wconf 81' lang='lat' dir='ltr'><strong>Corsorum,</strong></span> <span class='ocrx_word' id='word_1_102' title='bbox 372 2157 583 2254; x_wconf 86' lang='lat' dir='ltr'><strong>bellumque</strong></span> <span class='ocrx_word' id='word_1_103' title='bbox 597 2156 642 2228; x_wconf 88' lang='lat' dir='ltr'><strong>ab</strong></span> <span class='ocrx_word' id='word_1_104' title='bbox 650 2156 841 2228; x_wconf 92' lang='lat' dir='ltr'><strong>Iliensibus</strong></span> <span class='ocrx_word' id='word_1_105' title='bbox 852 2159 1071 2229; x_wconf 88' lang='lat' dir='ltr'><strong>concitatum</strong></span> <span class='ocrx_word' id='word_1_106' title='bbox 1087 2160 1123 2229; x_wconf 91' lang='lat' dir='ltr'><strong>in</strong></span> <span class='ocrx_word' id='word_1_107' title='bbox 1134 2162 1210 2229; x_wconf 90' lang='lat' dir='ltr'><strong>Sar·</strong></span> 
     </span>
     <span class='ocr_line' id='line_1_15' title="bbox 86 2266 1211 2364; baseline -0.001 -23"><span class='ocrx_word' id='word_1_108' title='bbox 86 2297 89 2312; x_wconf 91' lang='lat'>·</span> <span class='ocrx_word' id='word_1_109' title='bbox 149 2271 247 2341; x_wconf 92' lang='lat' dir='ltr'><strong>dinia</strong></span> <span class='ocrx_word' id='word_1_110' title='bbox 259 2281 284 2353; x_wconf 90' lang='lat'><strong>⁷,</strong></span> <span class='ocrx_word' id='word_1_111' title='bbox 303 2283 386 2340; x_wconf 89' lang='lat' dir='ltr'><strong>octo</strong></span> <span class='ocrx_word' id='word_1_112' title='bbox 411 2267 521 2338; x_wconf 89' lang='lat' dir='ltr'><strong>millia</strong></span> <span class='ocrx_word' id='word_1_113' title='bbox 546 2266 708 2364; x_wconf 88' lang='lat' dir='ltr'><strong>peditum</strong></span> <span class='ocrx_word' id='word_1_114' title='bbox 735 2292 780 2339; x_wconf 85' lang='lat' dir='ltr'><strong>ex</strong></span> <span class='ocrx_word' id='word_1_115' title='bbox 803 2269 909 2338; x_wconf 92' lang='lat' dir='ltr'><strong>sociis</strong></span> <span class='ocrx_word' id='word_1_116' title='bbox 930 2267 1031 2338; x_wconf 89' lang='lat' dir='ltr'><strong>latini</strong></span> <span class='ocrx_word' id='word_1_117' title='bbox 1055 2270 1211 2340; x_wconf 91' lang='lat' dir='ltr'><strong>nominis</strong></span> 
     </span>
     <span class='ocr_line' id='line_1_16' title="bbox 147 2379 1210 2477; baseline 0 -26"><span class='ocrx_word' id='word_1_118' title='bbox 147 2379 256 2451; x_wconf 87' lang='lat' dir='ltr'><strong>scribi</strong></span> <span class='ocrx_word' id='word_1_119' title='bbox 277 2379 466 2477; x_wconf 85' lang='lat' dir='ltr'><strong>placuisset</strong></span> <span class='ocrx_word' id='word_1_120' title='bbox 488 2393 524 2449; x_wconf 89' lang='lat' dir='ltr'><strong>et</strong></span> <span class='ocrx_word' id='word_1_121' title='bbox 546 2392 727 2450; x_wconf 87' lang='lat' dir='ltr'><strong>trecentos</strong></span> <span class='ocrx_word' id='word_1_122' title='bbox 750 2379 908 2476; x_wconf 81' lang='lat' dir='ltr'><strong>equites,</strong></span> <span class='ocrx_word' id='word_1_123' title='bbox 929 2403 1020 2475; x_wconf 89' lang='lat' dir='ltr'><strong>quos</strong></span> <span class='ocrx_word' id='word_1_124' title='bbox 1039 2383 1087 2449; x_wconf 88' lang='grc' dir='ltr'><strong>Μ.</strong></span> <span class='ocrx_word' id='word_1_125' title='bbox 1108 2381 1210 2451; x_wconf 87' lang='lat' dir='ltr'><strong>Pina-</strong></span> 
     </span>
    </p>
   </div>
   <div class='ocr_carea' id='block_1_2' title="bbox 146 2486 1209 2914">
    <p class='ocr_par' dir='ltr' id='par_1_3' title="bbox 146 2486 1209 2914">
     <span class='ocr_line' id='line_1_17' title="bbox 147 2486 1209 2585; baseline 0.002 -27"><span class='ocrx_word' id='word_1_126' title='bbox 147 2491 222 2560; x_wconf 88' lang='lat' dir='ltr'><strong>rius</strong></span> <span class='ocrx_word' id='word_1_127' title='bbox 249 2502 381 2585; x_wconf 81' lang='lat' dir='ltr'><strong>praetor</strong></span> <span class='ocrx_word' id='word_1_128' title='bbox 408 2512 531 2559; x_wconf 89' lang='lat' dir='ltr'><strong>secum</strong></span> <span class='ocrx_word' id='word_1_129' title='bbox 557 2489 596 2557; x_wconf 89' lang='lat' dir='ltr'><strong>in</strong></span> <span class='ocrx_word' id='word_1_130' title='bbox 621 2486 820 2559; x_wconf 85' lang='lat' dir='ltr'><strong>Sardiniam</strong></span> <span class='ocrx_word' id='word_1_131' title='bbox 847 2490 1044 2585; x_wconf 89' lang='lat' dir='ltr'><strong>trajiceret,</strong></span> <span class='ocrx_word' id='word_1_132' title='bbox 1068 2504 1209 2561; x_wconf 90' lang='lat' dir='ltr'><strong>tantum</strong></span> 
     </span>
     <span class='ocr_line' id='line_1_18' title="bbox 146 2597 1209 2697; baseline 0.004 -29"><span class='ocrx_word' id='word_1_133' title='bbox 146 2599 337 2669; x_wconf 91' lang='lat' dir='ltr'><strong>bominum</strong></span> <span class='ocrx_word' id='word_1_134' title='bbox 356 2597 586 2668; x_wconf 89' lang='lat' dir='ltr'><strong>demortuum</strong></span> <span class='ocrx_word' id='word_1_135' title='bbox 605 2622 699 2686; x_wconf 91' lang='lat' dir='ltr'><strong>esse,</strong></span> <span class='ocrx_word' id='word_1_136' title='bbox 719 2613 861 2670; x_wconf 90' lang='lat' dir='ltr'><strong>tantum</strong></span> <span class='ocrx_word' id='word_1_137' title='bbox 879 2599 1016 2697; x_wconf 87' lang='lat' dir='ltr'><strong>ubique</strong></span> <span class='ocrx_word' id='word_1_138' title='bbox 1032 2625 1209 2697; x_wconf 85' lang='lat' dir='ltr'><strong>aegrorum</strong></span> 
     </span>
     <span class='ocr_line' id='line_1_19' title="bbox 146 2707 1209 2807; baseline 0.001 -27"><span class='ocrx_word' id='word_1_139' title='bbox 146 2707 313 2780; x_wconf 90' lang='lat' dir='ltr'><strong>consules</strong></span> <span class='ocrx_word' id='word_1_140' title='bbox 338 2709 647 2794; x_wconf 84' lang='lat' dir='ltr'><strong>renuntiaverint,</strong></span> <span class='ocrx_word' id='word_1_141' title='bbox 677 2725 716 2780; x_wconf 92' lang='lat' dir='ltr'><strong>nt</strong></span> <span class='ocrx_word' id='word_1_142' title='bbox 744 2712 773 2780; x_wconf 91' lang='lat' dir='ltr'><strong>is</strong></span> <span class='ocrx_word' id='word_1_143' title='bbox 803 2735 976 2783; x_wconf 87' lang='lat' dir='ltr'><strong>numerus</strong></span> <span class='ocrx_word' id='word_1_144' title='bbox 1000 2710 1094 2782; x_wconf 88' lang='lat' dir='ltr'><strong>effici</strong></span> <span class='ocrx_word' id='word_1_145' title='bbox 1115 2713 1209 2807; x_wconf 89' lang='lat' dir='ltr'><strong>mili-</strong></span> 
     </span>
     <span class='ocr_line' id='line_1_20' title="bbox 146 2815 1208 2914; baseline 0.001 -24"><span class='ocrx_word' id='word_1_146' title='bbox 146 2835 225 2890; x_wconf 90' lang='lat' dir='ltr'><strong>tum</strong></span> <span class='ocrx_word' id='word_1_147' title='bbox 237 2843 311 2889; x_wconf 92' lang='lat' dir='ltr'><strong>non</strong></span> <span class='ocrx_word' id='word_1_148' title='bbox 341 2818 511 2914; x_wconf 88' lang='lat' dir='ltr'><strong>potuerit.</strong></span> <span class='ocrx_word' id='word_1_149' title='bbox 539 2817 647 2906; x_wconf 88' lang='lat' dir='ltr'><strong>Quod</strong></span> <span class='ocrx_word' id='word_1_150' title='bbox 673 2818 796 2890; x_wconf 85' lang='lat' dir='ltr'><strong>deerat</strong></span> <span class='ocrx_word' id='word_1_151' title='bbox 818 2815 1007 2908; x_wconf 80' lang='lat' dir='ltr'><strong>militum⁸,</strong></span> <span class='ocrx_word' id='word_1_152' title='bbox 1027 2844 1168 2891; x_wconf 90' lang='lat' dir='ltr'><strong>sumere</strong></span> <span class='ocrx_word' id='word_1_153' title='bbox 1190 2846 1208 2890; x_wconf 87' lang='lat' dir='ltr'><strong>a</strong></span> 
     </span>
    </p>
   </div>
   <div class='ocr_carea' id='block_1_3' title="bbox 141 3036 1208 4529">
    <p class='ocr_par' dir='ltr' id='par_1_4' title="bbox 143 3036 1208 3817">
     <span class='ocr_line' id='line_1_21' title="bbox 146 3036 1208 3104; baseline 0 -17"><span class='ocrx_word' id='word_1_154' title='bbox 146 3041 237 3104; x_wconf 78' lang='lat' dir='ltr'><strong>Obssq.</strong></span> <span class='ocrx_word' id='word_1_155' title='bbox 247 3039 278 3087; x_wconf 83' lang='lat' dir='ltr'><strong>de</strong></span> <span class='ocrx_word' id='word_1_156' title='bbox 289 3038 361 3087; x_wconf 84' lang='lat' dir='ltr'><strong>Prod.</strong></span> <span class='ocrx_word' id='word_1_157' title='bbox 373 3055 394 3085; x_wconf 90' lang='lat' dir='ltr'><strong>c.</strong></span> <span class='ocrx_word' id='word_1_158' title='bbox 410 3039 456 3099; x_wconf 84' lang='lat'><strong>59,</strong></span> <span class='ocrx_word' id='word_1_159' title='bbox 465 3036 549 3084; x_wconf 82' lang='lat' dir='ltr'><strong>scribit</strong></span> <span class='ocrx_word' id='word_1_160' title='bbox 560 3037 584 3083; x_wconf 84' lang='lat' dir='ltr'><strong>in</strong></span> <span class='ocrx_word' id='word_1_161' title='bbox 594 3053 656 3084; x_wconf 77' lang='lat' dir='ltr'><strong>arca</strong></span> <span class='ocrx_word' id='word_1_162' title='bbox 699 3039 824 3087; x_wconf 79' lang='lat' dir='ltr'><strong>funeribus</strong></span> <span class='ocrx_word' id='word_1_163' title='bbox 846 3040 970 3088; x_wconf 82' lang='lat' dir='ltr'><strong>iaciendis.</strong></span> <span class='ocrx_word' id='word_1_164' title='bbox 994 3040 1065 3088; x_wconf 84' lang='lat' dir='ltr'><strong>Cous.</strong></span> <span class='ocrx_word' id='word_1_165' title='bbox 1087 3041 1118 3088; x_wconf 81' lang='lat' dir='ltr'><strong>sd</strong></span> <span class='ocrx_word' id='word_1_166' title='bbox 1139 3043 1208 3098; x_wconf 84' lang='lat' dir='ltr'><strong>XLI,</strong></span> 
     </span>
     <span class='ocr_line' id='line_1_22' title="bbox 148 3115 1207 3182; baseline 0.003 -17"><span class='ocrx_word' id='word_1_167' title='bbox 148 3117 253 3167; x_wconf 82' lang='lat' dir='ltr'><strong>Vulcani</strong></span> <span class='ocrx_word' id='word_1_168' title='bbox 256 3133 304 3182; x_wconf 83' lang='lat' dir='ltr'><strong>per</strong></span> <span class='ocrx_word' id='word_1_169' title='bbox 314 3117 413 3164; x_wconf 81' lang='lat' dir='ltr'><strong>biduum</strong></span> <span class='ocrx_word' id='word_1_170' title='bbox 420 3151 428 3173; x_wconf 91' lang='lat'><strong>,</strong></span> <span class='ocrx_word' id='word_1_171' title='bbox 444 3115 469 3163; x_wconf 81' lang='lat' dir='ltr'><strong>in</strong></span> <span class='ocrx_word' id='word_1_172' title='bbox 479 3132 539 3163; x_wconf 84' lang='lat' dir='ltr'><strong>area</strong></span> <span class='ocrx_word' id='word_1_173' title='bbox 551 3117 655 3164; x_wconf 83' lang='lat' dir='ltr'><strong>Concor·</strong></span> <span class='ocrx_word' id='word_1_174' title='bbox 700 3134 730 3166; x_wconf 81' lang='lat' dir='ltr'><strong>ar</strong></span> <span class='ocrx_word' id='word_1_175' title='bbox 741 3136 783 3177; x_wconf 91' lang='lat' dir='ltr'><strong>,n.</strong></span> <span class='ocrx_word' id='word_1_176' title='bbox 794 3122 824 3178; x_wconf 81' lang='lat'><strong>3,</strong></span> <span class='ocrx_word' id='word_1_177' title='bbox 839 3132 865 3168; x_wconf 81' lang='lat' dir='ltr'><strong>et</strong></span> <span class='ocrx_word' id='word_1_178' title='bbox 880 3121 970 3168; x_wconf 82' lang='lat' dir='ltr'><strong>Juven.</strong></span> <span class='ocrx_word' id='word_1_179' title='bbox 985 3122 1049 3178; x_wconf 90' lang='lat' dir='ltr'><strong>XII,</strong></span> <span class='ocrx_word' id='word_1_180' title='bbox 1064 3136 1121 3168; x_wconf 77' lang='lat' dir='ltr'><strong>ran,</strong></span> <span class='ocrx_word' id='word_1_181' title='bbox 1134 3122 1207 3168; x_wconf 82' lang='lat' dir='ltr'><strong>Pesti-</strong></span> 
     </span>
     <span class='ocr_line' id='line_1_23' title="bbox 145 3195 1208 3259; baseline 0.001 -13"><span class='ocrx_word' id='word_1_182' title='bbox 145 3198 194 3246; x_wconf 64' lang='grc' dir='ltr'><strong>ἀίω</strong></span> <span class='ocrx_word' id='word_1_183' title='bbox 211 3196 311 3245; x_wconf 84' lang='lat' dir='ltr'><strong>totidem</strong></span> <span class='ocrx_word' id='word_1_184' title='bbox 325 3195 408 3243; x_wconf 80' lang='lat' dir='ltr'><strong>diebus</strong></span> <span class='ocrx_word' id='word_1_185' title='bbox 424 3195 565 3259; x_wconf 79' lang='lat' dir='ltr'><strong>sauguinem</strong></span> <span class='ocrx_word' id='word_1_186' title='bbox 573 3195 653 3258; x_wconf 84' lang='lat' dir='ltr'><strong>pluit,</strong></span> <span class='ocrx_word' id='word_1_187' title='bbox 699 3198 797 3246; x_wconf 62' lang='lat' dir='ltr'><strong>lentium</strong></span> <span class='ocrx_word' id='word_1_188' title='bbox 806 3199 869 3247; x_wconf 78' lang='lat' dir='ltr'><strong>banc</strong></span> <span class='ocrx_word' id='word_1_189' title='bbox 879 3199 905 3246; x_wconf 88' lang='lat' dir='ltr'><strong>in</strong></span> <span class='ocrx_word' id='word_1_190' title='bbox 915 3200 1013 3248; x_wconf 85' lang='lat' dir='ltr'><strong>tertium</strong></span> <span class='ocrx_word' id='word_1_191' title='bbox 1024 3215 1115 3248; x_wconf 70' lang='lat' dir='ltr'><strong>unum</strong></span> <span class='ocrx_word' id='word_1_192' title='bbox 1124 3201 1208 3248; x_wconf 66' lang='lat' dir='ltr'><strong>Rome</strong></span> 
     </span>
     <span class='ocr_line' id='line_1_24' title="bbox 145 3275 1208 3343; baseline 0.001 -19"><span class='ocrx_word' id='word_1_193' title='bbox 145 3289 169 3324; x_wconf 81' lang='lat' dir='ltr'><strong>et</strong></span> <span class='ocrx_word' id='word_1_194' title='bbox 185 3276 236 3326; x_wconf 87' lang='lat' dir='ltr'><strong>duo</strong></span> <span class='ocrx_word' id='word_1_195' title='bbox 255 3275 406 3341; x_wconf 77' lang='lat' dir='ltr'><strong>prodigis,a</strong></span> <span class='ocrx_word' id='word_1_196' title='bbox 424 3275 494 3322; x_wconf 86' lang='lat' dir='ltr'><strong>Livio</strong></span> <span class='ocrx_word' id='word_1_197' title='bbox 503 3307 512 3334; x_wconf 95' lang='lat'><strong>,</strong></span> <span class='ocrx_word' id='word_1_198' title='bbox 524 3275 652 3332; x_wconf 82' lang='lat' dir='ltr'><strong>XXXIX,</strong></span> <span class='ocrx_word' id='word_1_199' title='bbox 698 3287 726 3331; x_wconf 78' lang='lat' dir='ltr'><strong>et</strong></span> <span class='ocrx_word' id='word_1_200' title='bbox 742 3278 767 3325; x_wconf 90' lang='lat' dir='ltr'><strong>in</strong></span> <span class='ocrx_word' id='word_1_201' title='bbox 783 3278 852 3326; x_wconf 81' lang='lat' dir='ltr'><strong>Itslis</strong></span> <span class='ocrx_word' id='word_1_202' title='bbox 868 3278 974 3337; x_wconf 64' lang='lat' dir='ltr'><strong>udus,</strong></span> <span class='ocrx_word' id='word_1_203' title='bbox 995 3295 1075 3342; x_wconf 82' lang='lat' dir='ltr'><strong>neque</strong></span> <span class='ocrx_word' id='word_1_204' title='bbox 1101 3295 1145 3343; x_wconf 80' lang='lat' dir='ltr'><strong>per</strong></span> <span class='ocrx_word' id='word_1_205' title='bbox 1165 3294 1208 3326; x_wconf 82' lang='lat' dir='ltr'><strong>sex</strong></span> 
     </span>
     <span class='ocr_line' id='line_1_25' title="bbox 146 3353 1203 3421; baseline -0.001 -17"><span class='ocrx_word' id='word_1_206' title='bbox 146 3358 180 3412; x_wconf 68' lang='grc'><strong>46</strong></span> <span class='ocrx_word' id='word_1_207' title='bbox 192 3367 216 3403; x_wconf 82' lang='lat' dir='ltr'><strong>et</strong></span> <span class='ocrx_word' id='word_1_208' title='bbox 224 3357 272 3417; x_wconf 83' lang='lat'><strong>59,</strong></span> <span class='ocrx_word' id='word_1_209' title='bbox 282 3355 370 3412; x_wconf 78' lang='lat' dir='ltr'><strong>relata,</strong></span> <span class='ocrx_word' id='word_1_210' title='bbox 383 3355 522 3417; x_wconf 82' lang='lat' dir='ltr'><strong>conjungit,</strong></span> <span class='ocrx_word' id='word_1_211' title='bbox 532 3368 582 3399; x_wconf 88' lang='lat' dir='ltr'><strong>nou</strong></span> <span class='ocrx_word' id='word_1_212' title='bbox 590 3363 617 3400; x_wconf 91' lang='lat' dir='ltr'><strong>ut</strong></span> <span class='ocrx_word' id='word_1_213' title='bbox 624 3353 654 3401; x_wconf 85' lang='lat' dir='ltr'><strong>si-</strong></span> <span class='ocrx_word' id='word_1_214' title='bbox 698 3372 791 3404; x_wconf 78' lang='lat' dir='ltr'><strong>menses</strong></span> <span class='ocrx_word' id='word_1_215' title='bbox 796 3356 901 3420; x_wconf 87' lang='lat' dir='ltr'><strong>pluisse,</strong></span> <span class='ocrx_word' id='word_1_216' title='bbox 910 3357 983 3405; x_wconf 79' lang='lat' dir='ltr'><strong>tradit</strong></span> <span class='ocrx_word' id='word_1_217' title='bbox 991 3358 1082 3421; x_wconf 79' lang='lat' dir='ltr'><strong>Obseq.</strong></span> <span class='ocrx_word' id='word_1_218' title='bbox 1091 3355 1122 3405; x_wconf 81' lang='lat' dir='ltr'><strong>de</strong></span> <span class='ocrx_word' id='word_1_219' title='bbox 1130 3357 1203 3406; x_wconf 80' lang='lat' dir='ltr'><strong>Prod.</strong></span> 
     </span>
     <span class='ocr_line' id='line_1_26' title="bbox 145 3431 811 3499; baseline 0.002 -16"><span class='ocrx_word' id='word_1_220' title='bbox 145 3434 259 3499; x_wconf 77' lang='lat' dir='ltr'><strong>gnificat,</strong></span> <span class='ocrx_word' id='word_1_221' title='bbox 272 3433 343 3481; x_wconf 76' lang='lat' dir='ltr'><strong>aliam</strong></span> <span class='ocrx_word' id='word_1_222' title='bbox 357 3433 429 3480; x_wconf 81' lang='lat' dir='ltr'><strong>fuisse</strong></span> <span class='ocrx_word' id='word_1_223' title='bbox 447 3449 525 3479; x_wconf 79' lang='lat' dir='ltr'><strong>aream</strong></span> <span class='ocrx_word' id='word_1_224' title='bbox 534 3431 653 3489; x_wconf 73' lang='lat' dir='ltr'><strong>Vulcani,</strong></span> <span class='ocrx_word' id='word_1_225' title='bbox 697 3452 752 3499; x_wconf 77' lang='lat' dir='ltr'><strong>cup.</strong></span> <span class='ocrx_word' id='word_1_226' title='bbox 767 3436 811 3484; x_wconf 85' lang='grc' dir='ltr'><strong>6ο.</strong></span> 
     </span>
     <span class='ocr_line' id='line_1_27' title="bbox 143 3511 1205 3574; baseline -0.001 -11"><span class='ocrx_word' id='word_1_227' title='bbox 143 3515 215 3564; x_wconf 81' lang='lat' dir='ltr'><strong>sliam</strong></span> <span class='ocrx_word' id='word_1_228' title='bbox 231 3512 386 3571; x_wconf 64' lang='lat' dir='ltr'><strong>eoncordia,</strong></span> <span class='ocrx_word' id='word_1_229' title='bbox 399 3511 440 3559; x_wconf 86' lang='lat' dir='ltr'><strong>sed</strong></span> <span class='ocrx_word' id='word_1_230' title='bbox 457 3513 653 3574; x_wconf 80' lang='lat' dir='ltr'><strong>quinutrunsque</strong></span> <span class='ocrx_word' id='word_1_231' title='bbox 732 3515 756 3561; x_wconf 89' lang='grc'><strong>6.</strong></span> <span class='ocrx_word' id='word_1_232' title='bbox 767 3514 900 3562; x_wconf 80' lang='lat' dir='ltr'><strong>Decemviri</strong></span> <span class='ocrx_word' id='word_1_233' title='bbox 922 3515 995 3563; x_wconf 83' lang='lat' dir='ltr'><strong>libros</strong></span> <span class='ocrx_word' id='word_1_234' title='bbox 1015 3514 1129 3572; x_wconf 65' lang='lat' dir='ltr'><strong>adirem</strong></span> <span class='ocrx_word' id='word_1_235' title='bbox 1150 3515 1205 3562; x_wconf 74' lang='lat' dir='ltr'><strong>viclo</strong></span> 
     </span>
     <span class='ocr_line' id='line_1_28' title="bbox 144 3589 1203 3661; baseline 0 -19"><span class='ocrx_word' id='word_1_236' title='bbox 144 3593 231 3642; x_wconf 82' lang='lat' dir='ltr'><strong>eodem</strong></span> <span class='ocrx_word' id='word_1_237' title='bbox 240 3609 305 3640; x_wconf 82' lang='lat' dir='ltr'><strong>suno</strong></span> <span class='ocrx_word' id='word_1_238' title='bbox 313 3591 434 3638; x_wconf 78' lang='lat' dir='ltr'><strong>acciderat</strong></span> <span class='ocrx_word' id='word_1_239' title='bbox 443 3611 463 3637; x_wconf 79' lang='grc' dir='ltr'><strong>ι.</strong></span> <span class='ocrx_word' id='word_1_240' title='bbox 472 3589 536 3637; x_wconf 78' lang='lat' dir='ltr'><strong>Dok.</strong></span> <span class='ocrx_word' id='word_1_241' title='bbox 545 3617 579 3626; x_wconf 93' lang='lat'><em>-</em></span> <span class='ocrx_word' id='word_1_242' title='bbox 590 3592 652 3635; x_wconf 75' lang='lat' dir='ltr'><strong>Pon·</strong></span> <span class='ocrx_word' id='word_1_243' title='bbox 696 3592 727 3640; x_wconf 80' lang='lat' dir='ltr'><strong>sd</strong></span> <span class='ocrx_word' id='word_1_244' title='bbox 735 3596 786 3652; x_wconf 90' lang='lat'><strong>111,</strong></span> <span class='ocrx_word' id='word_1_245' title='bbox 800 3610 843 3661; x_wconf 75' lang='lat'>.¹⁰’</span> <span class='ocrx_word' id='word_1_246' title='bbox 853 3611 878 3641; x_wconf 89' lang='lat' dir='ltr'><strong>n.</strong></span> <span class='ocrx_word' id='word_1_247' title='bbox 887 3594 914 3642; x_wconf 89' lang='grc'><strong>6.</strong></span> <span class='ocrx_word' id='word_1_248' title='bbox 926 3593 1040 3641; x_wconf 84' lang='lat' dir='ltr'><strong>-Circa</strong></span> <span class='ocrx_word' id='word_1_249' title='bbox 1052 3593 1135 3642; x_wconf 77' lang='lat' dir='ltr'><strong>onmia</strong></span> <span class='ocrx_word' id='word_1_250' title='bbox 1144 3595 1203 3642; x_wconf 79' lang='lat' dir='ltr'><strong>rut·</strong></span> 
     </span>
     <span class='ocr_line' id='line_1_29' title="bbox 143 3668 1204 3743; baseline -0.001 -22"><span class='ocrx_word' id='word_1_251' title='bbox 143 3673 218 3741; x_wconf 82' lang='lat' dir='ltr'><strong>tifices</strong></span> <span class='ocrx_word' id='word_1_252' title='bbox 237 3672 321 3719; x_wconf 77' lang='lat' dir='ltr'><strong>hastas</strong></span> <span class='ocrx_word' id='word_1_253' title='bbox 336 3681 415 3743; x_wconf 72' lang='lat' dir='ltr'><strong>ructas</strong></span> <span class='ocrx_word' id='word_1_254' title='bbox 432 3668 651 3725; x_wconf 59' lang='lat' dir='ltr'><strong>nuntiaverant&amp;</strong></span> <span class='ocrx_word' id='word_1_255' title='bbox 696 3672 802 3729; x_wconf 76' lang='lat' dir='ltr'><strong>vinaria,</strong></span> <span class='ocrx_word' id='word_1_256' title='bbox 826 3673 850 3720; x_wconf 92' lang='lat' dir='ltr'><strong>b.</strong></span> <span class='ocrx_word' id='word_1_257' title='bbox 871 3690 893 3721; x_wconf 80' lang='lat' dir='ltr'><strong>e.</strong></span> <span class='ocrx_word' id='word_1_258' title='bbox 916 3674 979 3720; x_wconf 82' lang='lat' dir='ltr'><strong>circa</strong></span> <span class='ocrx_word' id='word_1_259' title='bbox 997 3675 1078 3720; x_wconf 83' lang='lat' dir='ltr'><strong>omnia</strong></span> <span class='ocrx_word' id='word_1_260' title='bbox 1101 3674 1204 3737; x_wconf 83' lang='lat' dir='ltr'><strong>templs,</strong></span> 
     </span>
     <span class='ocr_line' id='line_1_30' title="bbox 144 3751 1204 3817; baseline 0 -18"><span class='ocrx_word' id='word_1_261' title='bbox 144 3752 175 3800; x_wconf 74' lang='lat' dir='ltr'><strong>acl</strong></span> <span class='ocrx_word' id='word_1_262' title='bbox 187 3754 262 3808; x_wconf 79' lang='lat' dir='ltr'><strong>XXI,</strong></span> <span class='ocrx_word' id='word_1_263' title='bbox 276 3752 322 3808; x_wconf 78' lang='lat'><strong>62,</strong></span> <span class='ocrx_word' id='word_1_264' title='bbox 332 3766 357 3796; x_wconf 86' lang='lat' dir='ltr'><strong>n.</strong></span> <span class='ocrx_word' id='word_1_265' title='bbox 370 3764 396 3795; x_wconf 82' lang='lat' dir='ltr'><strong>a.</strong></span> <span class='ocrx_word' id='word_1_266' title='bbox 696 3751 740 3798; x_wconf 86' lang='lat' dir='ltr'><strong>nbi</strong></span> <span class='ocrx_word' id='word_1_267' title='bbox 751 3768 838 3817; x_wconf 79' lang='lat' dir='ltr'><strong>nempe</strong></span> <span class='ocrx_word' id='word_1_268' title='bbox 849 3752 1034 3817; x_wconf 80' lang='lat' dir='ltr'><strong>supplicationis</strong></span> <span class='ocrx_word' id='word_1_269' title='bbox 1049 3752 1136 3800; x_wconf 80' lang='lat' dir='ltr'><strong>(liebus</strong></span> <span class='ocrx_word' id='word_1_270' title='bbox 1148 3754 1204 3801; x_wconf 84' lang='lat' dir='ltr'><strong>lecti</strong></span> 
     </span>
    </p>

    <p class='ocr_par' dir='ltr' id='par_1_5' title="bbox 143 3826 1203 4131">
     <span class='ocr_line' id='line_1_31' title="bbox 180 3826 1203 3894; baseline 0.003 -16"><span class='ocrx_word' id='word_1_271' title='bbox 180 3833 203 3878; x_wconf 83' lang='lat'><strong>3.</strong></span> <span class='ocrx_word' id='word_1_272' title='bbox 218 3829 321 3878; x_wconf 78' lang='lat' dir='ltr'><strong>Lanuvii</strong></span> <span class='ocrx_word' id='word_1_273' title='bbox 330 3828 485 3875; x_wconf 83' lang='lat' dir='ltr'><strong>simulacrum</strong></span> <span class='ocrx_word' id='word_1_274' title='bbox 496 3826 598 3875; x_wconf 79' lang='lat' dir='ltr'><strong>lunonis</strong></span> <span class='ocrx_word' id='word_1_275' title='bbox 610 3829 653 3874; x_wconf 88' lang='lat' dir='ltr'><strong>So·</strong></span> <span class='ocrx_word' id='word_1_276' title='bbox 696 3829 734 3877; x_wconf 81' lang='lat' dir='ltr'><strong>vel</strong></span> <span class='ocrx_word' id='word_1_277' title='bbox 748 3831 881 3894; x_wconf 76' lang='lat' dir='ltr'><strong>pulvinaria</strong></span> <span class='ocrx_word' id='word_1_278' title='bbox 895 3831 941 3878; x_wconf 83' lang='lat' dir='ltr'><strong>diis</strong></span> <span class='ocrx_word' id='word_1_279' title='bbox 949 3833 1024 3879; x_wconf 84' lang='lat' dir='ltr'><strong>sterni</strong></span> <span class='ocrx_word' id='word_1_280' title='bbox 1037 3831 1156 3880; x_wconf 78' lang='lat' dir='ltr'><strong>solebant.</strong></span> <span class='ocrx_word' id='word_1_281' title='bbox 1164 3833 1203 3882; x_wconf 90' lang='lat' dir='ltr'><strong>CI.</strong></span> 
     </span>
     <span class='ocr_line' id='line_1_32' title="bbox 143 3907 1108 3975; baseline 0 -17"><span class='ocrx_word' id='word_1_282' title='bbox 143 3911 213 3975; x_wconf 81' lang='lat' dir='ltr'><strong>spitae</strong></span> <span class='ocrx_word' id='word_1_283' title='bbox 225 3910 371 3970; x_wconf 73' lang='lat' dir='ltr'><strong>lacrymasse</strong></span> <span class='ocrx_word' id='word_1_284' title='bbox 375 3924 386 3964; x_wconf 86' lang='lat'><strong>,·</strong></span> <span class='ocrx_word' id='word_1_285' title='bbox 396 3907 451 3954; x_wconf 81' lang='lat' dir='ltr'><strong>vide</strong></span> <span class='ocrx_word' id='word_1_286' title='bbox 459 3907 490 3955; x_wconf 84' lang='lat' dir='ltr'><strong>ad</strong></span> <span class='ocrx_word' id='word_1_287' title='bbox 500 3910 526 3965; x_wconf 95' lang='lat'><strong>1,</strong></span> <span class='ocrx_word' id='word_1_288' title='bbox 537 3909 583 3966; x_wconf 83' lang='lat'><strong>31,</strong></span> <span class='ocrx_word' id='word_1_289' title='bbox 594 3924 618 3954; x_wconf 91' lang='lat' dir='ltr'><strong>n.</strong></span> <span class='ocrx_word' id='word_1_290' title='bbox 629 3923 652 3966; x_wconf 84' lang='lat' dir='ltr'><strong>r,</strong></span> <span class='ocrx_word' id='word_1_291' title='bbox 695 3926 767 3973; x_wconf 83' lang='lat' dir='ltr'><strong>supra</strong></span> <span class='ocrx_word' id='word_1_292' title='bbox 780 3910 813 3958; x_wconf 80' lang='lat' dir='ltr'><strong>ad</strong></span> <span class='ocrx_word' id='word_1_293' title='bbox 822 3913 899 3970; x_wconf 83' lang='lat' dir='ltr'><strong>XXI,</strong></span> <span class='ocrx_word' id='word_1_294' title='bbox 912 3913 962 3970; x_wconf 78' lang='lat'><strong>62,</strong></span> <span class='ocrx_word' id='word_1_295' title='bbox 976 3927 1000 3959; x_wconf 88' lang='lat' dir='ltr'><strong>n.</strong></span> <span class='ocrx_word' id='word_1_296' title='bbox 1015 3928 1054 3958; x_wconf 77' lang='lat' dir='ltr'><strong>ra.</strong></span> <span class='ocrx_word' id='word_1_297' title='bbox 1063 3913 1108 3959; x_wconf 83' lang='lat' dir='ltr'><strong>En.</strong></span> 
     </span>
     <span class='ocr_line' id='line_1_33' title="bbox 144 3985 1203 4048; baseline 0 -12"><span class='ocrx_word' id='word_1_298' title='bbox 144 3991 313 4045; x_wconf 73' lang='lat' dir='ltr'><strong>vlu,1t,n.</strong></span> <span class='ocrx_word' id='word_1_299' title='bbox 331 3995 362 4042; x_wconf 72' lang='grc'><strong>4,</strong></span> <span class='ocrx_word' id='word_1_300' title='bbox 376 3997 400 4033; x_wconf 86' lang='lat' dir='ltr'><strong>et</strong></span> <span class='ocrx_word' id='word_1_301' title='bbox 416 3985 651 4048; x_wconf 64' lang='lat' dir='ltr'><strong>sugendeerodi-</strong></span> <span class='ocrx_word' id='word_1_302' title='bbox 731 4005 754 4047; x_wconf 80' lang='lat'><strong>7.</strong></span> <span class='ocrx_word' id='word_1_303' title='bbox 777 3990 813 4036; x_wconf 79' lang='lat' dir='ltr'><strong>Ab</strong></span> <span class='ocrx_word' id='word_1_304' title='bbox 835 3989 960 4037; x_wconf 80' lang='lat' dir='ltr'><strong>Iliensibus</strong></span> <span class='ocrx_word' id='word_1_305' title='bbox 981 3990 1006 4036; x_wconf 77' lang='lat' dir='ltr'><strong>ia</strong></span> <span class='ocrx_word' id='word_1_306' title='bbox 1025 3989 1157 4037; x_wconf 73' lang='lat' dir='ltr'><strong>Sardmia:</strong></span> <span class='ocrx_word' id='word_1_307' title='bbox 1178 3990 1203 4036; x_wconf 87' lang='lat' dir='ltr'><strong>in</strong></span> 
     </span>
     <span class='ocr_line' id='line_1_34' title="bbox 146 4058 1202 4131; baseline 0.005 -17"><span class='ocrx_word' id='word_1_308' title='bbox 146 4069 206 4131; x_wconf 82' lang='lat' dir='ltr'><strong>giis,</strong></span> <span class='ocrx_word' id='word_1_309' title='bbox 220 4081 278 4131; x_wconf 78' lang='lat' dir='ltr'><strong>pag.</strong></span> <span class='ocrx_word' id='word_1_310' title='bbox 294 4080 339 4111; x_wconf 76' lang='grc' dir='ltr'><strong>ιιι</strong></span> <span class='ocrx_word' id='word_1_311' title='bbox 351 4081 388 4127; x_wconf 84' lang='lat' dir='ltr'><strong>sq.</strong></span> <span class='ocrx_word' id='word_1_312' title='bbox 695 4083 742 4130; x_wconf 82' lang='lat' dir='ltr'><strong>qua</strong></span> <span class='ocrx_word' id='word_1_313' title='bbox 759 4080 782 4116; x_wconf 84' lang='lat' dir='ltr'><strong>et</strong></span> <span class='ocrx_word' id='word_1_314' title='bbox 801 4060 860 4125; x_wconf 74' lang='lat' dir='ltr'><strong>ltu:</strong></span> <span class='ocrx_word' id='word_1_315' title='bbox 881 4084 907 4120; x_wconf 82' lang='lat' dir='ltr'><strong>et</strong></span> <span class='ocrx_word' id='word_1_316' title='bbox 930 4059 1021 4127; x_wconf 71' lang='lat' dir='ltr'><strong>lsassic</strong></span> <span class='ocrx_word' id='word_1_317' title='bbox 1042 4088 1087 4120; x_wconf 82' lang='lat' dir='ltr'><strong>seu</strong></span> <span class='ocrx_word' id='word_1_318' title='bbox 1104 4058 1202 4120; x_wconf 67' lang='lat' dir='ltr'><strong>isitius:</strong></span> 
     </span>
    </p>

    <p class='ocr_par' dir='ltr' id='par_1_6' title="bbox 144 4141 1202 4282">
     <span class='ocr_line' id='line_1_35' title="bbox 179 4141 1202 4207; baseline 0.003 -16"><span class='ocrx_word' id='word_1_319' title='bbox 179 4155 205 4201; x_wconf 71' lang='lat' dir='ltr'><strong>t.</strong></span> <span class='ocrx_word' id='word_1_320' title='bbox 224 4145 339 4207; x_wconf 83' lang='lat' dir='ltr'><strong>Forisque</strong></span> <span class='ocrx_word' id='word_1_321' title='bbox 356 4155 381 4190; x_wconf 84' lang='lat' dir='ltr'><strong>et</strong></span> <span class='ocrx_word' id='word_1_322' title='bbox 399 4141 578 4199; x_wconf 63' lang='grc' dir='ltr'><strong>οοιιειἹὶαόιιΙίε,ι</strong></span> <span class='ocrx_word' id='word_1_323' title='bbox 595 4144 651 4192; x_wconf 83' lang='lat' dir='ltr'><strong>vide</strong></span> <span class='ocrx_word' id='word_1_324' title='bbox 696 4147 776 4205; x_wconf 62' lang='grc' dir='ltr'><strong>[ουτος</strong></span> <span class='ocrx_word' id='word_1_325' title='bbox 791 4148 840 4196; x_wconf 81' lang='lat' dir='ltr'><strong>vid.</strong></span> <span class='ocrx_word' id='word_1_326' title='bbox 856 4149 929 4197; x_wconf 80' lang='lat' dir='ltr'><strong>Drali.</strong></span> <span class='ocrx_word' id='word_1_327' title='bbox 946 4149 979 4195; x_wconf 81' lang='lat' dir='ltr'><strong>sd</strong></span> <span class='ocrx_word' id='word_1_328' title='bbox 996 4148 1020 4195; x_wconf 92' lang='lat' dir='ltr'><strong>b.</strong></span> <span class='ocrx_word' id='word_1_329' title='bbox 1037 4147 1055 4195; x_wconf 93' lang='lat' dir='ltr'><strong>l.</strong></span> <span class='ocrx_word' id='word_1_330' title='bbox 1074 4160 1098 4196; x_wconf 82' lang='lat' dir='ltr'><strong>et</strong></span> <span class='ocrx_word' id='word_1_331' title='bbox 1113 4147 1144 4195; x_wconf 83' lang='lat' dir='ltr'><strong>ad</strong></span> <span class='ocrx_word' id='word_1_332' title='bbox 1160 4149 1202 4195; x_wconf 90' lang='lat' dir='ltr'><strong>Sil.</strong></span> 
     </span>
     <span class='ocr_line' id='line_1_36' title="bbox 144 4223 829 4282; baseline 0 -9"><span class='ocrx_word' id='word_1_333' title='bbox 144 4225 174 4273; x_wconf 77' lang='lat' dir='ltr'><strong>sil</strong></span> <span class='ocrx_word' id='word_1_334' title='bbox 189 4225 272 4281; x_wconf 82' lang='lat' dir='ltr'><strong>XXV,</strong></span> <span class='ocrx_word' id='word_1_335' title='bbox 287 4224 301 4270; x_wconf 86' lang='lat'><em>5</em></span> <span class='ocrx_word' id='word_1_336' title='bbox 310 4256 317 4277; x_wconf 97' lang='lat'><strong>,</strong></span> <span class='ocrx_word' id='word_1_337' title='bbox 331 4239 355 4269; x_wconf 89' lang='lat' dir='ltr'><strong>n.</strong></span> <span class='ocrx_word' id='word_1_338' title='bbox 368 4223 392 4268; x_wconf 84' lang='lat'><strong>3.</strong></span> <span class='ocrx_word' id='word_1_339' title='bbox 695 4226 757 4282; x_wconf 88' lang='lat' dir='ltr'><strong>XII,</strong></span> <span class='ocrx_word' id='word_1_340' title='bbox 770 4226 829 4281; x_wconf 71' lang='grc'><strong>364.</strong></span> 
     </span>
    </p>

    <p class='ocr_par' dir='ltr' id='par_1_7' title="bbox 141 4299 1200 4529">
     <span class='ocr_line' id='line_1_37' title="bbox 181 4299 1196 4371; baseline 0.004 -21"><span class='ocrx_word' id='word_1_341' title='bbox 181 4305 203 4351; x_wconf 84' lang='grc'><strong>5.</strong></span> <span class='ocrx_word' id='word_1_342' title='bbox 216 4303 334 4350; x_wconf 74' lang='lat' dir='ltr'><strong>UtVeuus</strong></span> <span class='ocrx_word' id='word_1_343' title='bbox 344 4299 459 4356; x_wconf 79' lang='lat' dir='ltr'><strong>Libitina,</strong></span> <span class='ocrx_word' id='word_1_344' title='bbox 472 4299 597 4348; x_wconf 83' lang='lat' dir='ltr'><strong>libitinarii</strong></span> <span class='ocrx_word' id='word_1_345' title='bbox 608 4313 650 4349; x_wconf 80' lang='lat' dir='ltr'><strong>aut</strong></span> <span class='ocrx_word' id='word_1_346' title='bbox 731 4307 754 4352; x_wconf 82' lang='lat'><strong>8.</strong></span> <span class='ocrx_word' id='word_1_347' title='bbox 767 4308 798 4353; x_wconf 77' lang='lat' dir='ltr'><strong>ue</strong></span> <span class='ocrx_word' id='word_1_348' title='bbox 815 4305 835 4352; x_wconf 86' lang='lat' dir='ltr'><strong>is</strong></span> <span class='ocrx_word' id='word_1_349' title='bbox 850 4322 962 4353; x_wconf 79' lang='lat' dir='ltr'><strong>urtmerus</strong></span> <span class='ocrx_word' id='word_1_350' title='bbox 975 4305 1041 4371; x_wconf 80' lang='lat' dir='ltr'><strong>effici</strong></span> <span class='ocrx_word' id='word_1_351' title='bbox 1055 4306 1196 4355; x_wconf 79' lang='lat' dir='ltr'><strong>militum...</strong></span> 
     </span>
     <span class='ocr_line' id='line_1_38' title="bbox 142 4379 1200 4450; baseline 0 -19"><span class='ocrx_word' id='word_1_352' title='bbox 142 4395 270 4448; x_wconf 74' lang='lat' dir='ltr'><strong>apparatus</strong></span> <span class='ocrx_word' id='word_1_353' title='bbox 284 4381 439 4438; x_wconf 81' lang='lat' dir='ltr'><strong>funebris,in</strong></span> <span class='ocrx_word' id='word_1_354' title='bbox 450 4379 521 4440; x_wconf 85' lang='lat' dir='ltr'><strong>bujus</strong></span> <span class='ocrx_word' id='word_1_355' title='bbox 530 4379 581 4427; x_wconf 67' lang='lat' dir='ltr'><strong>deu</strong></span> <span class='ocrx_word' id='word_1_356' title='bbox 591 4393 650 4428; x_wconf 83' lang='lat' dir='ltr'><strong>tem·</strong></span> <span class='ocrx_word' id='word_1_357' title='bbox 693 4383 768 4443; x_wconf 83' lang='lat' dir='ltr'><strong>Quod</strong></span> <span class='ocrx_word' id='word_1_358' title='bbox 782 4384 867 4432; x_wconf 79' lang='lat' dir='ltr'><strong>deerat</strong></span> <span class='ocrx_word' id='word_1_359' title='bbox 881 4385 997 4443; x_wconf 79' lang='lat' dir='ltr'><strong>mib&#39;tum,</strong></span> <span class='ocrx_word' id='word_1_360' title='bbox 1016 4397 1063 4434; x_wconf 80' lang='lat' dir='ltr'><strong>stc.</strong></span> <span class='ocrx_word' id='word_1_361' title='bbox 1080 4387 1200 4450; x_wconf 75' lang='lat' dir='ltr'><strong>posterius</strong></span> 
     </span>
     <span class='ocr_line' id='line_1_39' title="bbox 141 4454 1200 4529; baseline 0.001 -20"><span class='ocrx_word' id='word_1_362' title='bbox 141 4463 184 4526; x_wconf 88' lang='lat' dir='ltr'><strong>plo</strong></span> <span class='ocrx_word' id='word_1_363' title='bbox 195 4454 311 4518; x_wconf 73' lang='lat' dir='ltr'><strong>servulus,</strong></span> <span class='ocrx_word' id='word_1_364' title='bbox 328 4471 384 4505; x_wconf 74' lang='lat' dir='ltr'><strong>triac</strong></span> <span class='ocrx_word' id='word_1_365' title='bbox 401 4459 449 4506; x_wconf 76' lang='lat' dir='ltr'><strong>uix</strong></span> <span class='ocrx_word' id='word_1_366' title='bbox 462 4458 596 4525; x_wconf 77' lang='lat' dir='ltr'><strong>sufficeret,</strong></span> <span class='ocrx_word' id='word_1_367' title='bbox 612 4477 646 4508; x_wconf 87' lang='lat' dir='ltr'><strong>sc.</strong></span> <span class='ocrx_word' id='word_1_368' title='bbox 692 4462 793 4509; x_wconf 79' lang='lat' dir='ltr'><strong>militum</strong></span> <span class='ocrx_word' id='word_1_369' title='bbox 812 4463 940 4512; x_wconf 80' lang='lat' dir='ltr'><strong>delendum</strong></span> <span class='ocrx_word' id='word_1_370' title='bbox 959 4465 1061 4529; x_wconf 80' lang='lat' dir='ltr'><strong>putabat</strong></span> <span class='ocrx_word' id='word_1_371' title='bbox 1073 4468 1200 4525; x_wconf 59' lang='lat' dir='ltr'><strong>(imnum,</strong></span> 
     </span>
    </p>
   </div>
   <div class='ocr_carea' id='block_1_4' title="bbox 0 0 1366 5040">
    <p class='ocr_par' dir='ltr' id='par_1_8' title="bbox 0 0 1366 5040">
     <span class='ocr_line' id='line_1_40' title="bbox 0 0 1366 5040; baseline 0 3"><span class='ocrx_word' id='word_1_372' title='bbox 0 0 1366 5040; x_wconf 95' lang='lat' dir='ltr'><strong> </strong></span> 
     </span>
    </p>
   </div>
  </div>
 </body>
</html>
