<?xml version="1.0" encoding="UTF-8"?>
<!DOCTYPE html PUBLIC "-//W3C//DTD XHTML 1.0 Transitional//EN"
    "http://www.w3.org/TR/xhtml1/DTD/xhtml1-transitional.dtd">
<html xmlns="http://www.w3.org/1999/xhtml" xml:lang="en" lang="en">
 <head>
  <title>
</title>
<meta http-equiv="Content-Type" content="text/html;charset=utf-8" />
  <meta name='ocr-system' content='tesseract 3.04.00' />
  <meta name='ocr-capabilities' content='ocr_page ocr_carea ocr_par ocr_line ocrx_word'/>
</head>
<body>
  <div class='ocr_page' id='page_1' title='image "./titusliviuspata05freigoog_0356.png"; bbox 0 0 2722 5040; ppageno 0'>
   <div class='ocr_carea' id='block_1_1' title="bbox 311 38 963 1994">
    <p class='ocr_par' dir='ltr' id='par_1_1' title="bbox 314 38 908 131">
     <span class='ocr_line' id='line_1_1' title="bbox 314 38 908 131; baseline -0.002 -27"><span class='ocrx_word' id='word_1_1' title='bbox 314 39 574 131; x_wconf 78' lang='lat' dir='ltr'>«precarique,</span> <span class='ocrx_word' id='word_1_2' title='bbox 594 39 749 130; x_wconf 74' lang='lat' dir='ltr'>majores</span> <span class='ocrx_word' id='word_1_3' title='bbox 770 40 876 106; x_wconf 76' lang='lat' dir='ltr'>vestri</span> <span class='ocrx_word' id='word_1_4' title='bbox 901 38 908 103; x_wconf 94' lang='lat' dir='ltr'>i</span> 
     </span>
    </p>

    <p class='ocr_par' dir='ltr' id='par_1_2' title="bbox 314 149 913 243">
     <span class='ocr_line' id='line_1_2' title="bbox 314 149 913 243; baseline 0.002 -30"><span class='ocrx_word' id='word_1_5' title='bbox 314 176 329 205; x_wconf 72' lang='lat' dir='ltr'>u</span> <span class='ocrx_word' id='word_1_6' title='bbox 346 149 407 240; x_wconf 87' lang='lat' dir='ltr'>qui</span> <span class='ocrx_word' id='word_1_7' title='bbox 435 151 550 242; x_wconf 75' lang='lat' dir='ltr'>pluvis</span> <span class='ocrx_word' id='word_1_8' title='bbox 578 164 612 217; x_wconf 83' lang='lat' dir='ltr'>et</span> <span class='ocrx_word' id='word_1_9' title='bbox 636 150 793 217; x_wconf 77' lang='lat' dir='ltr'>externis</span> <span class='ocrx_word' id='word_1_10' title='bbox 816 149 913 243; x_wconf 83' lang='lat' dir='ltr'>religi</span> 
     </span>
    </p>

    <p class='ocr_par' dir='ltr' id='par_1_3' title="bbox 314 256 907 344">
     <span class='ocr_line' id='line_1_3' title="bbox 314 256 907 344; baseline 0.012 -25"><span class='ocrx_word' id='word_1_11' title='bbox 314 285 329 315; x_wconf 84' lang='lat'>«</span> <span class='ocrx_word' id='word_1_12' title='bbox 346 256 442 325; x_wconf 76' lang='lat' dir='ltr'>velut</span> <span class='ocrx_word' id='word_1_13' title='bbox 463 256 649 327; x_wconf 81' lang='lat' dir='ltr'>furialibus</span> <span class='ocrx_word' id='word_1_14' title='bbox 668 258 839 344; x_wconf 86' lang='lat' dir='ltr'>stimulis,</span> <span class='ocrx_word' id='word_1_15' title='bbox 863 258 907 326; x_wconf 84' lang='lat' dir='ltr'>ud</span> 
     </span>
    </p>

    <p class='ocr_par' dir='ltr' id='par_1_4' title="bbox 313 366 922 465">
     <span class='ocr_line' id='line_1_4' title="bbox 313 366 922 465; baseline 0.002 -31"><span class='ocrx_word' id='word_1_16' title='bbox 313 394 330 428; x_wconf 74' lang='grc' dir='ltr'>α</span> <span class='ocrx_word' id='word_1_17' title='bbox 346 390 429 436; x_wconf 90' lang='lat' dir='ltr'>nem</span> <span class='ocrx_word' id='word_1_18' title='bbox 444 366 631 438; x_wconf 87' lang='lat' dir='ltr'>libidinem</span> <span class='ocrx_word' id='word_1_19' title='bbox 646 382 803 465; x_wconf 81' lang='lat' dir='ltr'><strong>agerent.</strong></span> <span class='ocrx_word' id='word_1_20' title='bbox 820 367 922 464; x_wconf 72' lang='lat' dir='ltr'>Equi«</span> 
     </span>
    </p>

    <p class='ocr_par' dir='ltr' id='par_1_5' title="bbox 314 477 926 574">
     <span class='ocr_line' id='line_1_5' title="bbox 314 477 926 574; baseline -0.005 -27"><span class='ocrx_word' id='word_1_21' title='bbox 314 505 331 540; x_wconf 76' lang='lat' dir='ltr'>u</span> <span class='ocrx_word' id='word_1_22' title='bbox 345 499 412 547; x_wconf 88' lang='lat' dir='ltr'>nec</span> <span class='ocrx_word' id='word_1_23' title='bbox 425 492 606 573; x_wconf 88' lang='lat' dir='ltr'>quatenus</span> <span class='ocrx_word' id='word_1_24' title='bbox 621 477 838 574; x_wconf 85' lang='lat' dir='ltr'>proloquar,</span> <span class='ocrx_word' id='word_1_25' title='bbox 858 477 926 545; x_wconf 67' lang='lat' dir='ltr'>invi</span> 
     </span>
    </p>

    <p class='ocr_par' dir='ltr' id='par_1_6' title="bbox 313 584 914 685">
     <span class='ocr_line' id='line_1_6' title="bbox 313 584 914 685; baseline 0 -28"><span class='ocrx_word' id='word_1_26' title='bbox 313 616 330 649; x_wconf 76' lang='grc' dir='ltr'><strong>α</strong></span> <span class='ocrx_word' id='word_1_27' title='bbox 343 584 519 674; x_wconf 87' lang='lat' dir='ltr'>bitis,-ne</span> <span class='ocrx_word' id='word_1_28' title='bbox 543 588 664 659; x_wconf 88' lang='lat' dir='ltr'>locum</span> <span class='ocrx_word' id='word_1_29' title='bbox 688 587 914 685; x_wconf 61' lang='lat' dir='ltr'>negligentiae</span> 
     </span>
    </p>

    <p class='ocr_par' dir='ltr' id='par_1_7' title="bbox 313 692 936 784">
     <span class='ocr_line' id='line_1_7' title="bbox 313 692 936 784; baseline 0 -19"><span class='ocrx_word' id='word_1_30' title='bbox 313 724 330 759; x_wconf 80' lang='lat' dir='ltr'>u</span> <span class='ocrx_word' id='word_1_31' title='bbox 345 719 457 784; x_wconf 84' lang='lat' dir='ltr'>vero,</span> <span class='ocrx_word' id='word_1_32' title='bbox 479 722 525 768; x_wconf 88' lang='lat' dir='ltr'>ne</span> <span class='ocrx_word' id='word_1_33' title='bbox 542 699 694 769; x_wconf 90' lang='lat' dir='ltr'>nimium</span> <span class='ocrx_word' id='word_1_34' title='bbox 718 697 866 768; x_wconf 83' lang='lat' dir='ltr'>terroris</span> <span class='ocrx_word' id='word_1_35' title='bbox 888 692 936 767; x_wconf 87' lang='lat' dir='ltr'>ofl</span> 
     </span>
    </p>

    <p class='ocr_par' dir='ltr' id='par_1_8' title="bbox 313 804 940 902">
     <span class='ocr_line' id='line_1_8' title="bbox 313 804 940 902; baseline 0.002 -26"><span class='ocrx_word' id='word_1_36' title='bbox 313 804 534 902; x_wconf 89' lang='lat' dir='ltr'>«Quidquid</span> <span class='ocrx_word' id='word_1_37' title='bbox 558 807 705 893; x_wconf 84' lang='lat' dir='ltr'>dixero,</span> <span class='ocrx_word' id='word_1_38' title='bbox 730 808 873 892; x_wconf 86' lang='lat' dir='ltr'>minus,</span> <span class='ocrx_word' id='word_1_39' title='bbox 901 830 940 902; x_wconf 82' lang='lat' dir='ltr'>qt</span> 
     </span>
    </p>

    <p class='ocr_par' dir='ltr' id='par_1_9' title="bbox 312 915 944 1124">
     <span class='ocr_line' id='line_1_9' title="bbox 312 915 944 1011; baseline 0.008 -30"><span class='ocrx_word' id='word_1_40' title='bbox 312 942 328 976; x_wconf 78' lang='lat' dir='ltr'>u</span> <span class='ocrx_word' id='word_1_41' title='bbox 342 915 589 1011; x_wconf 79' lang='lat' dir='ltr'>magnitudine</span> <span class='ocrx_word' id='word_1_42' title='bbox 611 919 683 1005; x_wconf 89' lang='lat' dir='ltr'>rei,</span> <span class='ocrx_word' id='word_1_43' title='bbox 703 916 838 987; x_wconf 91' lang='lat' dir='ltr'>dictum</span> <span class='ocrx_word' id='word_1_44' title='bbox 859 915 944 987; x_wconf 89' lang='lat' dir='ltr'>scitu</span> 
     </span>
     <span class='ocr_line' id='line_1_10' title="bbox 313 1023 938 1124; baseline 0.011 -34"><span class='ocrx_word' id='word_1_45' title='bbox 313 1023 430 1093; x_wconf 77' lang='lat' dir='ltr'>«dum</span> <span class='ocrx_word' id='word_1_46' title='bbox 457 1027 541 1095; x_wconf 85' lang='lat' dir='ltr'>satis</span> <span class='ocrx_word' id='word_1_47' title='bbox 563 1028 629 1114; x_wconf 90' lang='lat' dir='ltr'>sit,</span> <span class='ocrx_word' id='word_1_48' title='bbox 656 1024 802 1098; x_wconf 86' lang='lat' dir='ltr'>dabitur</span> <span class='ocrx_word' id='word_1_49' title='bbox 828 1050 938 1124; x_wconf 82' lang='lat' dir='ltr'>opera</span> 
     </span>
    </p>

    <p class='ocr_par' dir='ltr' id='par_1_10' title="bbox 311 1134 963 1994">
     <span class='ocr_line' id='line_1_11' title="bbox 312 1134 954 1234; baseline 0.002 -30"><span class='ocrx_word' id='word_1_50' title='bbox 312 1162 329 1197; x_wconf 75' lang='grc' dir='ltr'><strong>α</strong></span> <span class='ocrx_word' id='word_1_51' title='bbox 344 1148 419 1204; x_wconf 88' lang='lat' dir='ltr'>tota</span> <span class='ocrx_word' id='word_1_52' title='bbox 437 1136 510 1230; x_wconf 84' lang='lat' dir='ltr'>jam</span> <span class='ocrx_word' id='word_1_53' title='bbox 533 1134 673 1234; x_wconf 86' lang='lat' dir='ltr'>pridem</span> <span class='ocrx_word' id='word_1_54' title='bbox 696 1137 819 1222; x_wconf 83' lang='lat' dir='ltr'>Italia,</span> <span class='ocrx_word' id='word_1_55' title='bbox 846 1150 883 1206; x_wconf 90' lang='lat' dir='ltr'>et</span> <span class='ocrx_word' id='word_1_56' title='bbox 904 1158 954 1215; x_wconf 90' lang='lat' dir='ltr'>nu</span> 
     </span>
     <span class='ocr_line' id='line_1_12' title="bbox 313 1244 958 1335; baseline 0.003 -21"><span class='ocrx_word' id='word_1_57' title='bbox 313 1244 463 1316; x_wconf 82' lang='lat' dir='ltr'>«multis</span> <span class='ocrx_word' id='word_1_58' title='bbox 489 1245 577 1317; x_wconf 90' lang='lat' dir='ltr'>locis</span> <span class='ocrx_word' id='word_1_59' title='bbox 601 1272 702 1335; x_wconf 88' lang='lat' dir='ltr'>esse,</span> <span class='ocrx_word' id='word_1_60' title='bbox 731 1271 805 1318; x_wconf 90' lang='lat' dir='ltr'>non</span> <span class='ocrx_word' id='word_1_61' title='bbox 832 1244 958 1317; x_wconf 72' lang='lat' dir='ltr'>famul</span> 
     </span>
     <span class='ocr_line' id='line_1_13' title="bbox 311 1353 962 1453; baseline 0.003 -28"><span class='ocrx_word' id='word_1_62' title='bbox 311 1383 329 1418; x_wconf 73' lang='grc' dir='ltr'><em>α</em></span> <span class='ocrx_word' id='word_1_63' title='bbox 342 1353 405 1426; x_wconf 92' lang='lat' dir='ltr'>sed</span> <span class='ocrx_word' id='word_1_64' title='bbox 431 1355 628 1453; x_wconf 82' lang='lat' dir='ltr'>crepitibus</span> <span class='ocrx_word' id='word_1_65' title='bbox 653 1358 759 1429; x_wconf 84' lang='lat' dir='ltr'>etiam</span> <span class='ocrx_word' id='word_1_66' title='bbox 785 1354 962 1427; x_wconf 88' lang='lat' dir='ltr'>ululatibu</span> 
     </span>
     <span class='ocr_line' id='line_1_14' title="bbox 311 1464 963 1562; baseline 0.003 -33"><span class='ocrx_word' id='word_1_67' title='bbox 311 1481 538 1562; x_wconf 79' lang='lat' dir='ltr'>«personant</span> <span class='ocrx_word' id='word_1_68' title='bbox 555 1480 631 1537; x_wconf 85' lang='lat' dir='ltr'>tota</span> <span class='ocrx_word' id='word_1_69' title='bbox 649 1464 760 1553; x_wconf 90' lang='lat' dir='ltr'>urbe,</span> <span class='ocrx_word' id='word_1_70' title='bbox 779 1480 919 1537; x_wconf 89' lang='lat' dir='ltr'>certum</span> <span class='ocrx_word' id='word_1_71' title='bbox 934 1464 963 1535; x_wconf 61' lang='lat' dir='ltr'>hs</span> 
     </span>
     <span class='ocr_line' id='line_1_15' title="bbox 311 1574 962 1673; baseline -0.002 -28"><span class='ocrx_word' id='word_1_72' title='bbox 311 1604 328 1637; x_wconf 75' lang='grc' dir='ltr'>ιι</span> <span class='ocrx_word' id='word_1_73' title='bbox 342 1598 384 1645; x_wconf 88' lang='lat' dir='ltr'>ea</span> <span class='ocrx_word' id='word_1_74' title='bbox 401 1599 459 1646; x_wconf 87' lang='lat' dir='ltr'>res</span> <span class='ocrx_word' id='word_1_75' title='bbox 477 1575 539 1664; x_wconf 92' lang='lat' dir='ltr'>sit,</span> <span class='ocrx_word' id='word_1_76' title='bbox 559 1577 746 1673; x_wconf 86' lang='lat' dir='ltr'>ignorare:</span> <span class='ocrx_word' id='word_1_77' title='bbox 767 1576 855 1648; x_wconf 88' lang='lat' dir='ltr'>alios</span> <span class='ocrx_word' id='word_1_78' title='bbox 871 1574 962 1647; x_wconf 86' lang='lat' dir='ltr'>deor</span> 
     </span>
     <span class='ocr_line' id='line_1_16' title="bbox 312 1684 963 1759; baseline 0.011 -9"><span class='ocrx_word' id='word_1_79' title='bbox 312 1685 432 1759; x_wconf 79' lang='lat' dir='ltr'>«alios</span> <span class='ocrx_word' id='word_1_80' title='bbox 457 1710 667 1758; x_wconf 86' lang='lat' dir='ltr'>concessum</span> <span class='ocrx_word' id='word_1_81' title='bbox 693 1686 820 1759; x_wconf 91' lang='lat' dir='ltr'>ludum</span> <span class='ocrx_word' id='word_1_82' title='bbox 847 1700 883 1757; x_wconf 91' lang='lat' dir='ltr'>et</span> <span class='ocrx_word' id='word_1_83' title='bbox 903 1684 963 1757; x_wconf 70' lang='lat' dir='ltr'>last</span> 
     </span>
     <span class='ocr_line' id='line_1_17' title="bbox 311 1796 963 1894; baseline -0.005 -26"><span class='ocrx_word' id='word_1_84' title='bbox 311 1823 329 1859; x_wconf 75' lang='lat' dir='ltr'>&lt;t</span> <span class='ocrx_word' id='word_1_85' title='bbox 343 1809 398 1883; x_wconf 89' lang='lat' dir='ltr'>et,</span> <span class='ocrx_word' id='word_1_86' title='bbox 417 1797 682 1894; x_wconf 88' lang='lat' dir='ltr'>qualecumque</span> <span class='ocrx_word' id='word_1_87' title='bbox 699 1799 765 1884; x_wconf 84' lang='lat' dir='ltr'>sit,</span> <span class='ocrx_word' id='word_1_88' title='bbox 783 1796 828 1868; x_wconf 88' lang='lat' dir='ltr'>ad</span> <span class='ocrx_word' id='word_1_89' title='bbox 843 1819 963 1894; x_wconf 66' lang='lat' dir='ltr'>paueoi</span> 
     </span>
     <span class='ocr_line' id='line_1_18' title="bbox 312 1905 963 1994; baseline 0.003 -21"><span class='ocrx_word' id='word_1_90' title='bbox 312 1936 329 1971; x_wconf 77' lang='grc' dir='ltr'><strong>α</strong></span> <span class='ocrx_word' id='word_1_91' title='bbox 341 1906 610 1979; x_wconf 86' lang='lat' dir='ltr'>multitudinem</span> <span class='ocrx_word' id='word_1_92' title='bbox 629 1931 757 1979; x_wconf 80' lang='lat' dir='ltr'>eorum</span> <span class='ocrx_word' id='word_1_93' title='bbox 771 1908 919 1994; x_wconf 87' lang='lat' dir='ltr'>attinet,</span> <span class='ocrx_word' id='word_1_94' title='bbox 932 1905 963 1977; x_wconf 77' lang='lat' dir='ltr'>si</span> 
     </span>
    </p>
   </div>
   <div class='ocr_carea' id='block_1_2' title="bbox 311 2101 963 2408">
    <p class='ocr_par' dir='ltr' id='par_1_11' title="bbox 313 2101 963 2245">
     <span class='ocr_line' id='line_1_19' title="bbox 347 2101 963 2168; baseline -0.003 -13"><span class='ocrx_word' id='word_1_95' title='bbox 347 2108 411 2155; x_wconf 72' lang='lat' dir='ltr'>Cu.</span> <span class='ocrx_word' id='word_1_96' title='bbox 421 2106 478 2155; x_wconf 78' lang='lat' dir='ltr'>xV.</span> <span class='ocrx_word' id='word_1_97' title='bbox 492 2107 646 2154; x_wconf 54' lang='grc' dir='ltr'>μήλοισι</span> <span class='ocrx_word' id='word_1_98' title='bbox 652 2105 823 2161; x_wconf 66' lang='lat' dir='ltr'>mendorum,-</span> <span class='ocrx_word' id='word_1_99' title='bbox 867 2101 963 2168; x_wconf 72' lang='lat' dir='ltr'>egisset!</span> 
     </span>
     <span class='ocr_line' id='line_1_20' title="bbox 313 2182 963 2245; baseline -0.003 -15"><span class='ocrx_word' id='word_1_100' title='bbox 313 2183 576 2245; x_wconf 73' lang='lat' dir='ltr'>videudll,7,n.7.</span> <span class='ocrx_word' id='word_1_101' title='bbox 867 2182 963 2229; x_wconf 69' lang='lat' dir='ltr'>Mul</span> 
     </span>
    </p>

    <p class='ocr_par' dir='ltr' id='par_1_12' title="bbox 311 2258 963 2408">
     <span class='ocr_line' id='line_1_21' title="bbox 348 2258 963 2327; baseline -0.008 -17"><span class='ocrx_word' id='word_1_102' title='bbox 348 2278 375 2311; x_wconf 64' lang='grc' dir='ltr'>ι.</span> <span class='ocrx_word' id='word_1_103' title='bbox 383 2263 486 2311; x_wconf 79' lang='lat' dir='ltr'>Solenne</span> <span class='ocrx_word' id='word_1_104' title='bbox 496 2279 593 2312; x_wconf 72' lang='lat' dir='ltr'>carm</span> <span class='ocrx_word' id='word_1_105' title='bbox 603 2261 615 2327; x_wconf 90' lang='lat'>(</span> <span class='ocrx_word' id='word_1_106' title='bbox 625 2263 681 2311; x_wconf 82' lang='lat' dir='ltr'>vlde</span> <span class='ocrx_word' id='word_1_107' title='bbox 695 2263 726 2310; x_wconf 73' lang='lat' dir='ltr'>nd</span> <span class='ocrx_word' id='word_1_108' title='bbox 736 2264 765 2317; x_wconf 82' lang='lat'>1,</span> <span class='ocrx_word' id='word_1_109' title='bbox 776 2269 823 2320; x_wconf 73' lang='lat'>24,</span> <span class='ocrx_word' id='word_1_110' title='bbox 867 2258 963 2322; x_wconf 59' lang='lat' dir='ltr'>investi!</span> 
     </span>
     <span class='ocr_line' id='line_1_22' title="bbox 311 2337 885 2408; baseline -0.026 -17"><span class='ocrx_word' id='word_1_111' title='bbox 311 2342 386 2408; x_wconf 81' lang='lat' dir='ltr'>n.9)</span> <span class='ocrx_word' id='word_1_112' title='bbox 399 2342 565 2407; x_wconf 78' lang='lat' dir='ltr'>precationis,</span> <span class='ocrx_word' id='word_1_113' title='bbox 585 2337 783 2394; x_wconf 58' lang='lat' dir='ltr'>cuodmua!</span> <span class='ocrx_word' id='word_1_114' title='bbox 796 2350 819 2360; x_wconf 38' lang='grc' dir='ltr'>ν·</span> <span class='ocrx_word' id='word_1_115' title='bbox 872 2342 885 2348; x_wconf 75' lang='grc'><em>“</em></span> 
     </span>
    </p>
   </div>
   <div class='ocr_carea' id='block_1_3' title="bbox 0 0 1366 5040">
    <p class='ocr_par' dir='ltr' id='par_1_13' title="bbox 0 0 1366 5040">
     <span class='ocr_line' id='line_1_23' title="bbox 0 0 1366 5040; baseline 0 0"><span class='ocrx_word' id='word_1_116' title='bbox 0 0 1366 5040; x_wconf 95' lang='lat' dir='ltr'> </span> 
     </span>
    </p>
   </div>
  </div>
 </body>
</html>
