2722 5040
56 39 490 217 -.‚
528 39 1254 207 —

188 667 194 678 -
225 654 254 678 -ι
284 667 291 740 3
364 634 449 727 mn.
477 654 568 724 xm.
595 656 693 725 car.
721 655 832 723 xxv.
859 654 985 722 xxvi.
1135 654 1200 752 59ι

142 780 276 852 deinde
289 782 333 869 Q.
349 779 499 848 Minucii
513 776 636 874 legati,
650 778 714 874 qui
728 800 811 848 cum
823 775 948 848 decern
963 776 1115 852 navibus
1125 783 1208 850 mis-

142 915 204 962 sus
222 888 268 960 ad
287 886 446 959 sedanda
464 911 591 958 eorum
610 887 806 957 certamina
824 901 921 972 erat,
938 882 978 957 in
995 911 1097 985 spem
1112 892 1211 987 pacis

142 1013 327 1071 venerant.
343 1002 520 1070 Caeterum
532 998 685 1069 inducias
699 1012 734 1069 et
747 1011 852 1069 antea
866 1023 927 1069 sex
940 1001 1121 1071 mensium
1136 1000 1210 1074 fue·

143 1127 229 1182 runt
242 1138 249 1179 :
266 1103 352 1181 inde
364 1109 479 1180 multo
492 1110 634 1204 gravius
647 1107 784 1179 bellum
797 1110 937 1181 exarsit.
948 1111 1045 1207 Lycii
1059 1137 1210 1209 quoque

145 1220 325 1319 peridem
346 1221 513 1316 tempus‘·
531 1217 578 1290 ab
602 1218 756 1290 Rhodiis>
768 1219 867 1293 bello
885 1219 1119 1294 vexabantur.
1139 1223 1211 1296 Sed

146 1347 377 1402 externorum
400 1331 498 1400 inter
517 1354 554 1400 se
575 1328 692 1413 bella,
712 1355 787 1425 quo
808 1356 962 1428 quaeque
984 1332 1094 1404 modo
1112 1348 1212 1431 gesta

146 1456 247 1527 sunt,
257 1441 433 1540 'persequi
452 1465 526 1511 non
540 1463 660 1537 operte
676 1434 772 1509 est⁵z
786 1442 873 1511 'satis
892 1466 1074 1539 superque
1092 1446 1212 1515 oneris

146 1554 338 1624 sustinenti
353 1576 410 1623 res
427 1576 447 1622 a
464 1551 602 1650 populo
619 1572 772 1620 romano
789 1565 906 1646 gestas
923 1551 1090 1625 scribere.

195 1666 313 1733 XXVI
322 1661 456 1759 (XXX).
472 1658 644 1733 Celtiberi
653 1661 691 1729 in
702 1660 889 1757 Hispania,
900 1663 965 1757 qui
978 1660 1076 1735 bello
1087 1664 1215 1736 domiti

147 1775 243 1845 seTi.
254 1772 419 1845 Graccho
433 1771 664 1856 dediderant,
681 1770 798 1868 pacati
806 1776 1070 1842 manserantM.
1081 1776 1215 1844 Titinio

147 1899 301 1981 praetore
328 1882 518 1955 obtinente
542 1883 779 1980 provinciam.
807 1880 1040 1952 Rebellarunt
1060 1883 1127 1955 sub
1150 1885 1213 1956 ad-

146 2005 318 2065 ventum¹
339 1999 405 2092 Ap.
423 1991 585 2080 Claudii,
604 1994 749 2089 orsique
765 1991 900 2063 bellurn
922 2008 1007 2064 sunt
1023 1993 1069 2063 ab
1085 2019 1215 2092 repen·

147 2107 223 2177 tina
241 2107 515 2204 oppugnatione
538 2119 737 2176 castrorum
753 2127 998 2175 romanorum.
1018 2106 1134 2175 Prima
1153 2107 1216 2178 lux

148 2215 262 2288 ferme
281 2232 378 2304 erat,
404 2241 518 2313 quum
538 2214 663 2312 vigiles
685 2215 722 2284 in
743 2213 857 2299 vallo,
876 2215 1013 2310 quique
1032 2215 1070 2284 in
1092 2231 1215 2312 porta-

148 2353 229 2399 rum
247 2324 459 2399 stationibus
475 2340 597 2413 erant,
614 2349 728 2422 quum
743 2325 913 2396 vidissent
926 2324 1054 2422 procul
1068 2328 1217 2397 venien·

150 2453 223 2509 tem
240 2437 400 2524 hostem,
419 2434 464 2507 ad
483 2460 581 2506 arma
598 2436 924 2507 conclamaverunt.
943 2440 1009 2534 Ap.
1028 2436 1217 2527 Claudius,

149 2548 252 2644 signo
270 2547 457 2645 proposito
474 2570 622 2643 pugnae,
641 2569 682 2615 ac
699 2547 822 2643 paucis
839 2545 1051 2619 adhortatus
1069 2548 1218 2639 milites,

151 2657 265 2729 tribus
289 2657 394 2728 simul
420 2657 536 2753 portis
562 2653 696 2725 eduxit.
722 2655 989 2728 Obsistentibus
1014 2659 1058 2728 ad
1082 2661 1219 2730 exitum

151 2767 360 2852 Celtiberis,
382 2768 501 2863 primo
527 2789 593 2863 par
618 2780 816 2864 utrumque
838 2767 1000 2866 praelium
1020 2766 1110 2853 fuit,
1134 2771 1219 2865 quia

151 2891 300 2974 propter
319 2876 498 2970 angustias
511 2901 588 2948 non
605 2901 732 2948 omnes
747 2879 784 2948 in
800 2875 965 2948 faucibus
979 2900 1141 2973 pugnare
1155 2904 1220 2977 po·

151 3000 271 3057 terant
285 2988 454 3057 Romani:
470 3002 639 3086 urgentes
656 2987 786 3058 deinde
802 2987 861 3056 alii
879 2987 965 3056 alios
980 2989 1124 3083 sequuti
1139 3013 1219 3059 eva·

152 3114 276 3169 serunt
300 3113 401 3169 extra
426 3097 580 3184 vallum,
604 3112 645 3167 ut
667 3096 827 3194 pandere
848 3096 958 3166 aciem
984 3110 1019 3167 et
1040 3100 1219 3194 exoequari

150 3207 322 3276 cornibus
347 3206 538 3276 hostibus²
561 3204 694 3301 quibus
719 3204 1025 3293 circumibautur,
1051 3223 1216 3303 possent:

1002 3350 1013 3389 l

189 3460 213 3509 4,
226 3447 294 3510 Lycii
306 3462 403 3510 quoque
414 3461 462 3509 per
475 3444 538 3492 idem
552 3456 659 3508 tempus,
706 3457 832 3493 evaserrmt
845 3458 918 3494 exten
930 3447 1042 3504 vallum,
1058 3459 1086 3495 nt
1093 3465 1122 3512 p.
1133 3466 1150 3496 a
1164 3463 1218 3501 ete.

154 3541 200 3578 etc.
213 3527 269 3575 vide
279 3527 310 3574 ad
320 3542 374 3591 cap.
385 3527 416 3584 6,
427 3542 453 3573 ιι.
465 3526 480 3572 5
490 3541 527 3588 sq.
706 3524 819 3572 comibus
831 3523 938 3573 lenibus
952 3526 990 3573 vel
1003 3525 1121 3585 hostium,
1136 3546 1154 3576 a
1166 3532 1220 3595 qui.

187 3610 212 3656 5.
223 3606 339 3670 Persequi
346 3621 396 3653 non
410 3620 490 3669 operoe
501 3615 553 3660 est,·
563 3603 619 3650 vide
631 3601 663 3650 ad
708 3603 751 3651 bus
767 3603 971 3661 circurnr'bantur,
987 3618 1103 3669 possent,
1122 3606 1158 3656 t'tn
1182 3627 1220 3659 re·

153 3689 180 3749 1,
199 3694 247 3743 nt,
264 3701 290 3732 n.
314 3700 353 3731 ιο.
367 3685 430 3732 Mox
441 3683 544 3731 verbum
560 3681 664 3729 scribere
703 3695 777 3747 pente
790 3683 928 3740 inruerunt,
945 3695 986 3740 ut,
1000 3695 1047 3733 etc.
1065 3687 1143 3736 Gron.
1160 3691 1220 3740 Pto·

153 3765 202 3812 del.
215 3765 295 3822 sorte3
308 3762 405 3812 Crever.
416 3762 479 3811 Satis
496 3762 553 3809 ferri
566 3771 663 3825 potest3
707 3762 813 3810 habilior
827 3772 862 3809 est
877 3762 1017 3823 conjectura
1034 3765 1132 3817 Crever.
1148 3771 1220 3820 scuti}

152 3842 273 3889 nutent.
707 3857 754 3906 pro
773 3841 884 3904 sequuti,
899 3852 923 3888 et
939 3842 1013 3892 Dral.
1030 3843 1155 3896 hostilibus
1173 3834 1237 3913 pro¹

187 3921 245 3968 Car.
258 3921 353 3968 XXVI.
368 3937 389 3968 ι,
403 3920 558 3968 debellarunt
566 3919 609 3966 snb
620 3919 681 3967 ad·v
708 3919 824 3968 hostibus.
849 3945 885 3956 ·-
905 3921 1042 3983 «Nemini,
1070 3926 1104 3973 ait
1124 3927 1219 3976 walch.

139 3985 264 4056 'ventum
280 3999 336 4048 vide
354 4000 385 4048 ad
399 4001 437 4056 11,
458 4008 506 4056 ta,
523 4017 549 4048 n.
567 4014 607 4056 a.;
622 4001 663 4057 ΙΙ,
707 3998 810 4049 Emend.
819 4015 877 4063 pag.
890 4000 951 4062 252,
963 4000 1219 4068 hoeplacebitsequu-

154 4075 203 4137 55,
217 4096 244 4126 n.
261 4095 282 4126 1.
708 4080 729 4127 ti
736 4097 746 4137 ,·
759 4095 814 4143 quae
825 4079 911 4144 ignava
921 4097 971 4131 vox
984 4094 1022 4132 eet
1031 4093 1089 4147 post
1098 4096 1219 4146 urgentes.

188 4176 212 4208 a.
238 4157 379 4221 Eaeoequari
405 4157 516 4206 cornibus
542 4156 662 4217 hostibus,
710 4158 822 4208 sednon
831 4160 866 4210 ab
879 4177 927 4210 una
940 4164 986 4211 liae
995 4173 1064 4226 parte
1075 4160 1170 4210 laborat
1183 4164 1220 4212 lo·

153 4248 200 4288 etc.
220 4239 247 4288 τὸ
271 4237 383 4284 cornibus
402 4237 541 4296 auferendi,
560 4235 665 4284 hostibus
709 4254 760 4286 cus.
781 4240 935 4301 Disiunctum
954 4241 989 4288 ιἰα
1010 4256 1023 4286 ι
1044 4255 1089 4286 suo
1107 4255 1217 4303 repente,

153 4317 229 4366 dandi
250 4333 306 4364 casn
322 4317 454 4382 accipitur:
475 4317 518 4365 sed
539 4317 600 4364 lorte
616 4317 664 4379 leg.
710 4319 751 4364 cni
763 4318 867 4367 libenter
877 4318 1019 4367 adhaemcn
1034 4317 1101 4379 (vid.
1115 4319 1174 4367 Cae
1189 4323 1220 4371 de

153 4408 261 4463 urgentes
280 4395 368 4444 deinde
384 4395 429 4444 atii
449 4396 512 4444 alios
531 4411 602 4459 seque
624 4394 666 4441 nbi
709 4395 773 4442 nett-
782 4397 847 4444 Gall.
863 4399 890 4457 1,
904 4396 935 4443 52
946 4397 1018 4453 3Tnc.
1032 4397 1091 4459 Agr.
1104 4413 1160 4462 cap.
1174 4403 1221 4459 rs,
