2722 5040
142 733 213 806 520

142 858 198 929 sit.
222 887 239 922 «ι
251 857 394 945 Multis,
418 858 555 955 inquit,
575 859 804 957 sermonibus
826 859 1044 932 intellexisse
1065 859 1213 945 videor,

142 997 159 1032 ι
173 991 305 1065 magno
327 982 362 1041 te
383 969 639 1040 aestimaturum
652 981 678 1057 ¹,
693 971 722 1042 si
744 970 834 1042 scire
854 994 938 1041 vera
956 970 1079 1041 omnia
1097 970 1213 1067 possis

144 1108 160 1143 ιι
175 1078 222 1150 de
237 1077 320 1149 filiis
340 1080 432 1166 tuis,
453 1094 536 1150 uter
557 1078 602 1150 ab
623 1095 707 1152 utro
728 1081 860 1179 petitus
879 1076 1005 1151 fraude
1023 1094 1060 1150 et
1074 1078 1213 1150 insidiis

144 1204 277 1260 «esset.
296 1193 415 1259 Homo
432 1214 527 1259 uuus
546 1191 729 1280 omnium,
753 1193 817 1288 qui
837 1188 976 1262 nodum
994 1189 1102 1284 hujus
1118 1214 1214 1261 erro

139 1326 162 1364 ιι
175 1299 224 1370 ris
247 1299 432 1370 exsolvere
459 1301 590 1396 possit,
609 1302 647 1370 in
671 1315 846 1399 potestate
875 1318 936 1372 tua
958 1315 1011 1372 est
1024 1300 1182 1397 Xychus.
1195 1329 1212 1364 ιι

146 1412 254 1478 Forte
277 1423 448 1478 vocatum
463 1409 757 1508 perductumque
780 1417 819 1482 in
845 1417 982 1507 regiam
1005 1416 1134 1481 vocari
1144 1412 1212 1506 ju-

148 1519 253 1589 beret.
298 1517 483 1588 Adductus
528 1520 646 1616 primo
687 1521 736 1590 ita
780 1545 909 1616 negare
947 1521 1213 1605 inconstanter,

146 1643 205 1715 ut,
225 1651 335 1725 parvo
353 1640 455 1698 metu¹
470 1626 636 1716 admoto,
652 1646 814 1727 paratum
836 1630 991 1702 indicem
1008 1654 1085 1702 esse
1102 1654 1213 1727 appa·

146 1752 252 1818 reret.
279 1741 523 1834 Conspectum
550 1740 697 1810 tortoris
719 1739 986 1838 verberumque
1007 1765 1082 1830 uon
1107 1741 1212 1810 susti·

146 1847 245 1932 nuit,
264 1847 504 1944 ordinemque
528 1873 672 1918 omnem
693 1847 860 1920 facinoris
884 1850 1082 1946 legatorum
1105 1849 1211 1918 mini·

146 1958 316 2054 steriique
344 1959 398 2028 sui
422 1959 598 2056 exposuit.
627 1958 816 2058 Extemplo
843 1959 961 2043 missi,
987 1959 1051 2056 qui
1078 1958 1214 2056 legatos

146 2065 516 2165 comprehenderent,
540 2066 754 2157 Philoclem,
773 2070 838 2166 qui
861 2092 1016 2167 praeseus
1036 2083 1130 2154 erut,
1149 2093 1215 2167 op-

181 2258 242 2307 Car.
256 2260 308 2307 tv.
329 2275 351 2305 ι.
370 2261 463 2324 Magno
481 2270 505 2305 te
522 2257 655 2305 aestr'matu·
700 2275 754 2306 sum
776 2260 871 2319 fundit,
891 2261 940 2308 hoc
962 2261 1092 2309 verborum
1116 2261 1211 2324 positu.

83 2360 88 2372 ·
147 2337 506 2396 rruu,·videadXLl,uo,u.
520 2337 590 2385 3.-
604 2338 656 2384 No·
702 2340 773 2386 Forte
786 2339 938 2388 referendum
948 2339 979 2387 ad
991 2338 1216 2403 verbar'npotesta·

147 2418 205 2465 dum
224 2417 294 2482 lutjm
314 2417 414 2474 erroris,
439 2417 597 2481 ignorantie,
618 2415 658 2463 rel
700 2428 723 2463 te
731 2428 774 2464 tua
786 2429 822 2465 est
830 2419 1024 2467 -.-(:srerum
1034 2416 1118 2481 Xychi
1127 2417 1213 2478 hujus,

148 2496 319 2552 dubitationis,
339 2497 373 2544 rei
395 2496 477 2544 dubie
503 2507 527 2544 et
550 2495 658 2544 incerte.
702 2496 800 2559 dequo
817 2512 883 2545 nunc
901 2498 994 2561 agitur,
1007 2497 1099 2544 nullum
1115 2497 1216 2545 mentio·

147 2577 220 2627 (lons.
239 2576 271 2623 ad
288 2571 342 2634 tx,
359 2577 403 2634 15,
421 2593 445 2624 u.
460 2593 489 2637 7,
504 2587 528 2624 et
542 2577 659 2633 XXVII,
702 2592 759 2623 uem
768 2577 794 2622 iu
800 2576 965 2640 superioribus
974 2593 988 2623 a
998 2576 1069 2623 livio
1077 2576 1163 2624 factam
1173 2577 1215 2623 rui·

149 2657 197 2712 ut,
212 2671 239 2703 ιι.
260 2655 283 2703 5.
301 2680 336 2690 -
354 2657 427 2701 Forte
441 2666 557 2721 vocntpm
569 2655 659 2718 perdu-
703 2667 786 2704 rantur
799 2655 945 2712 Glareanus,
961 2656 1059 2704 Crever.
1076 2667 1100 2702 et
1117 2656 1167 2704 alii.
1181 2659 1216 2704 At

148 2746 260 2797 cuiusque
281 2733 306 2779 ιἰι
329 2733 421 2796 regiam
441 2733 529 2780 vocari
544 2733 641 2797 juberet
648 2753 659 2792 ;
703 2734 824 2783 Drshenh.
849 2734 879 2781 ud
901 2735 925 2780 h.
948 2734 965 2781 l.
984 2746 1043 2782 uota
1064 2746 1116 2782 est:
1132 2733 1216 2782 «tuso

149 2827 200 2861 uon
209 2811 335 2860 serendum
344 2822 461 2858 occasum
470 2811 559 2858 uocari
564 2846 571 2867 ,
581 2828 660 2875 neque
704 2815 766 2862 sorte
776 2813 858 2861 Livius
869 2813 960 2861 nullom
975 2825 1046 2862 autes
1054 2814 1138 2878 xycht
1148 2829 1216 2860 meu·

150 2893 178 2945 τὸ
186 2895 297 2961 juberet,
313 2893 360 2940 uisi
370 2892 409 2941 vel
425 2908 480 2939 cum
493 2892 563 2941 Creu.
574 2904 660 2957 putes,
703 2893 796 2940 tionem
814 2893 883 2950 lecit,
900 2892 956 2955 quir
971 2908 1015 2940 eos
1029 2903 1125 2941 tautum
1137 2892 1215 2940 uomi-

150 2975 286 3024 orationem
309 2967 425 3022 directam
437 2971 463 3020 h.
483 2972 514 3028 l.,
533 2973 661 3037 utsaepius
704 2971 780 3018 nutim
809 2972 1021 3029 commemoravit,
1042 2971 1100 3034 qui,
1113 2973 1215 3019 maxima

150 3054 261 3112 XXXV,
276 3052 361 3115 49,ru
372 3050 514 3099 indirectam
525 3051 598 3098 luisse
607 3066 661 3097 mu·
705 3049 848 3111 dignitate*
841 3067 869 3097 ιιι
891 3050 945 3098 aula
968 3031 1075 3114 Philippi
1102 3050 1216 3115 praliti,

152 3144 239 3191 tutam,
251 3134 290 3180 vel
299 3148 355 3180 cum
364 3132 446 3195 Sigon
456 3141 480 3178 et
489 3132 599 3189 Banero
604 3140 661 3178 rute
704 3129 822 3193 precipui
835 3140 947 3177 auctores
963 3130 1111 3178 exstiterunt
1125 3129 1216 3177 lraudia

143 3211 213 3278 fimo
230 3205 349 3260 excidisse
364 3213 485 3258 Hortatur
498 3209 568 3267 iude,
584 3221 610 3255 ut
624 3211 660 3258 rel
705 3206 866 3271 scpersrdiae‚
877 3224 924 3270 qua
938 3209 1075 3256 Demetrius
1087 3209 1167 3273 periit.
1179 3211 1217 3257 ln-

151 3294 234 3355 putius
244 3291 365 3340 ιιιιιιιΙιιιίΙ
375 3291 463 3339 leuior
472 3290 592 3338 medicina
600 3291 661 3337 Gro·
706 3298 742 3334 ter
756 3302 798 3334 eos
809 3287 888 3334 refero
905 3287 1017 3351 Apellem
1031 3296 1056 3334 et
1069 3287 1218 3346 Philoclem,

151 3370 287 3434 uor.sorte
300 3371 427 3433 oblatum(
439 3370 494 3417 he.
507 3369 604 3417 obviam
615 3369 658 3416 mi·
703 3367 758 3425 roi:
782 3365 837 3419 τότε
866 3359 1045 3428 δοκοῦντας
1023 3385 1084 3418 siser
1104 3365 1216 3436 πρώτοις

150 3450 178 3497 hi
199 3451 306 3509 frctum3
319 3449 374 3497 vide
392 3449 423 3495 ud
434 3450 464 3506 V,
481 3450 527 3508 13,
545 3465 571 3508 p.
592 3451 622 3506 8,
636 3459 661 3496 et
703 3446 781 3514 φίλους
792 3451 834 3497 τοῦ
847 3445 965 3509 hesitio<
982 3442 1057 3506 (teste
1070 3447 1157 3511 Polyb.
1170 3447 1218 3495 1.1.

151 3531 217 3578 conl.
231 3530 303 3577 verbu
319 3545 409 3593 prece.
417 3527 487 3593 fhrte
501 3526 597 3590 Xjelrus
615 3527 660 3574 ob·
703 3542 757 3589 esp.
763 3525 906 3589 praec.n.7).
915 3525 947 3572 Hi
955 3525 1027 3573 etism
1034 3526 1107 3590 legati
1115 3527 1218 3573 Romam

152 3609 201 3656 vius
213 3609 249 3674 fit
264 3609 388 3673 Antigono
400 3606 409 3671 )
423 3607 615 3670 perductumque
629 3602 661 3670 (a
704 3606 770 3652 missi
787 3603 896 3652 exitiales
914 3604 1039 3653 Demetrio
1057 3604 1139 3653 literas
1159 3604 1218 3652 inde

152 3686 209 3750 me)
220 3687 245 3734 r'u
255 3687 347 3752 regiam
360 3686 522 3749 uocarijube.
539 3685 662 3733 Sententia
706 3684 851 3741 artulemut,
861 3695 889 3730 ut
899 3682 981 3731 Livius
994 3694 1089 3741 usrrct,
1103 3700 1154 3731 nou
1165 3694 1219 3731 tau-

152 3777 216 3814 certe
228 3767 263 3813 sic
274 3766 411 3830 planissima
425 3765 608 3828 aptissimaque3
617 3779 663 3810 uec
707 3775 757 3810 turn
776 3779 830 3825 cup.
850 3778 922 3825 praec.
940 3761 984 3809 sed
999 3763 1071 3810 etiarn
1089 3777 1122 3809 ιο
1136 3773 1162 3810 et
1176 3763 1218 3810 us.

153 3861 281 3906 assequor,
294 3845 421 3908 quomodo
431 3845 483 3893 haec
493 3855 608 3892 annotare
619 3859 663 3907 po·
707 3842 812 3906 Xychus
825 3856 883 3887 vero
900 3857 950 3887 nou
965 3840 1017 3901 ejus
1031 3852 1082 3888 erat
1096 3840 1220 3904 dignatio·

155 3923 227 3969 tuerit
236 3925 320 3971 lluuer.
332 3938 337 3970 :
348 3948 359 3964 «
370 3924 484 3970 Oblatum
496 3923 598 3971 feliciter
607 3939 664 3970 saue
708 3921 761 3980 uis,
770 3921 812 3968 sed
824 3921 958 3984 legatorum
970 3931 1062 3968 tanturn
1076 3920 1186 3968 minister
1195 3932 1220 3968 et

153 4003 231 4049 Grou.
249 4002 356 4065 corrigit.
374 4003 421 4049 Sed
440 4014 498 4050 tuuc
515 4014 557 4050 unt
568 4002 665 4066 juberet
709 4001 771 4048 sorte
789 4000 875 4047 scribo.
894 4001 966 4048 Certe
986 3999 1060 4047 modo
1083 3999 1220 4063 precessit,

155 4080 318 4136 retinendum,
334 4093 371 4138 et,
389 4097 443 4143 quse
464 4082 527 4140 dixi,
546 4083 665 4129 Hortatur
709 4095 829 4127 rumorem
842 4079 928 4126 insula
939 4077 1111 4136 fuisse,literss
1121 4078 1168 4125 sub
1177 4094 1221 4125 uo·

153 4159 241 4206 deiude
254 4170 305 4215 cst,
319 4171 346 4205 ut
355 4159 446 4216 ueluti,
460 4160 611 4224 suppleudr;
623 4172 665 4208 eut
709 4161 773 4206 ruine
785 4157 931 4206 Flamininiu
941 4157 1027 4221 legatis
1036 4157 1123 4221 Apelle
1132 4168 1157 4205 et
1167 4156 1221 4205 Phi·

154 4254 201 4301 (μισ
220 4249 275 4302 post
293 4237 437 4301 perductum
462 4239 535 4285 deleri
558 4249 664 4302 oportet.
709 4237 960 4293 locleollutus,fnlsus
974 4236 1060 4293 luisse,
1075 4235 1221 4284 eraserita

158 4321 228 4366 Forte
239 4327 262 4366 el
275 4317 299 4364 iu
310 4317 386 4365 altero
399 4318 488 4363 vocari
501 4317 558 4364 lutet
569 4329 664 4380 turque-
710 4317 812 4366 uitiatas.
826 4316 941 4379 Sequitur
952 4330 1010 4363 vero
1023 4316 1138 4379 Xychum
1152 4312 1221 4361 ordi·

157 4399 185 4444 ri.
201 4397 287 4460 Neque
300 4396 361 4443 illud
368 4396 438 4461 sorte
455 4407 539 4459 aptum
558 4407 593 4443 est
611 4397 665 4443 voci
709 4412 764 4443 uem
778 4412 874 4443 omnem
887 4395 1000 4442 facinoris
1018 4394 1164 4456 legatorum,
1176 4393 1220 4440 usi·

157 4488 285 4532 uocatum,
299 4488 340 4523 mu
350 4475 451 4522 omniuo
463 4490 596 4537 congruum
612 4491 664 4521 seu·
710 4475 849 4539 nisterir'quc
858 4475 895 4521 sui
906 4474 1045 4538 exposuisse
1058 4496 1078 4521 n.
1091 4474 1136 4520 Eo.
