2722 5040
172 785 234 884 3121
247 787 292 897 323
416 802 568 870 staua
597 803 672 869 xa.
702 804 809 871 car.
837 805 922 871 xu.
1136 809 1205 901 447

148 926 246 1023 loqui
268 947 344 994 non
363 947 479 1021 posse,
501 921 659 994 Tandem
679 923 762 993 vicit
780 922 943 993 dolorem
963 925 1039 1021 ipsa
1058 929 1209 997 necessi-

148 1052 219 1123 tas,
247 1058 363 1132 quum
391 1032 510 1103 dicere
536 1032 733 1125 juberent,
761 1046 870 1126 atque
898 1035 946 1102 ita
973 1046 1099 1104 orsus¹
1128 1051 1208 1106 est:

147 1147 327 1230 «Omnia,
351 1167 431 1240 quae
456 1167 602 1212 reorum
628 1156 732 1211 antea
758 1139 901 1212 fuerant
922 1144 1069 1232 auxilia,
1089 1160 1209 1243 pater,

147 1256 436 1356 «praeoccupavit
457 1266 651 1323 accusator.
674 1251 854 1322 Simulatis
877 1253 1040 1349 lacrymis
1062 1256 1100 1324 in
1121 1255 1210 1328 alte-

147 1369 251 1437 «rius
276 1365 471 1463 perniciem
497 1387 598 1432 veras
624 1387 723 1433 meas
748 1361 920 1459 lacrymas
939 1381 1120 1462 suspectas
1145 1366 1208 1437 tibi

147 1476 272 1548 «fecit.
297 1477 419 1564 Quum
443 1474 540 1569 ipse,
560 1497 603 1542 ex
626 1497 701 1568 quo
720 1471 764 1542 ab
786 1477 900 1542 Roma
920 1473 1043 1560 redii²,
1065 1500 1130 1573 per
1152 1501 1211 1546 oc·

145 1586 271 1658 «culta
292 1608 375 1655 cnm
396 1584 469 1653 suis
490 1581 670 1678 colloquia
690 1582 765 1652 dies
784 1597 983 1679 noctesque
1002 1584 1209 1670 insidietur,

145 1697 271 1767 «ultro
293 1693 382 1763 mihi
402 1718 476 1762 non
496 1692 713 1761 insidiatoris
731 1690 859 1771 modo,
881 1690 943 1761 sed
963 1693 1113 1764 latronis
1134 1720 1209 1765 ma-

144 1836 161 1871 e
174 1804 295 1875 nifesti
311 1816 348 1874 et
367 1804 606 1899 percussoris,
627 1802 783 1898 speciem
807 1800 934 1871 induit.
964 1804 1128 1875 Periculo
1144 1830 1210 1877 suo

144 1931 211 1986 ate
233 1929 414 1995 exterret,
439 1927 479 1982 ut
503 1912 653 1980 innoxio
676 1907 775 1980 fratri
799 1934 865 2007 per
888 1910 1052 1981 eumdem
1074 1926 1110 1983 te
1135 1939 1209 1985 ma-

143 2056 160 2090 «
173 2040 270 2096 turet
294 2024 502 2122 perniciem.
531 2018 736 2117 Perfugium
756 2020 825 2091 sibi
847 2044 1026 2115 nusquam
1048 2025 1207 2116 gentium

144 2165 161 2200 α
176 2160 254 2207 csse
274 2137 341 2219 ait,
359 2150 402 2204 nt
421 2158 488 2229 ego
511 2158 558 2204 ne
578 2132 674 2229 apud
694 2131 896 2227 tequidem
916 2130 1115 2227 quidquam
1134 2139 1210 2233 spei

143 2275 160 2309 e
171 2247 321 2341 reliquae
337 2243 500 2315 habeam.
522 2245 836 2327 Circumventum,
856 2242 972 2313 solum
984 2239 1018 2328 ³,
1038 2244 1210 2340 inopem,

142 2356 307 2426 «invidia
340 2357 460 2453 gratiae
489 2369 664 2443 externa,
692 2380 772 2452 quae
802 2353 906 2425 obest
932 2356 1075 2451 potius,
1101 2381 1208 2451 quam
1272 2392 1275 2399 ¹

140 2457 343 2564 «prodest,
364 2479 500 2536 onerat.
521 2471 597 2535 Jam
618 2466 705 2536 illud
730 2490 840 2561 quam
857 2467 1090 2550 accusatorie,
1111 2467 1209 2563 quod

142 2607 159 2641 a
173 2579 290 2648 noctis
305 2577 413 2671 hujus
427 2577 562 2646 crimen
575 2578 718 2646 miscuit
733 2601 816 2646 cnm
833 2591 959 2647 caetera
976 2579 1212 2649 insectatione

141 2718 158 2751 «ι
174 2689 253 2756 vitae
278 2712 388 2773 meae,
411 2699 508 2755 utet
531 2684 622 2770 hoc,
648 2685 747 2781 quod
767 2687 861 2780 jam,
886 2685 991 2781 quale
1014 2687 1080 2774 sit,
1101 2689 1209 2775 scies,

141 2811 383 2894 «suspectum
402 2794 473 2864 alio
490 2796 569 2865 vitae
593 2808 724 2865 nostra
741 2810 868 2865 tenore
884 2794 1039 2879 faceret,
1061 2810 1096 2866 et
1115 2796 1209 2866 illam

142 2937 159 2972 a
174 2909 302 2977 vanam
320 2906 607 2976 criminationem
623 2907 720 3003 spei,
743 2906 959 2990 voluntatis,
978 2906 1208 2977 consiliorum

143 3128 212 3177 Cort.
233 3127 264 3173 ad
289 3127 444 3185 Sallustium,
467 3126 567 3175 (iatilin.
586 3142 614 3188 9,
632 3137 656 3173 et
700 3126 810 3184 videtum
827 3126 910 3173 saltem
926 3125 1049 3173 ituidietur
1064 3125 1159 3172 facilius
1169 3125 1211 3173 da·

142 3205 258 3270 iugurth.
272 3215 311 3262 rt.
324 3228 337 3247 n
355 3205 478 3253 Drakenb.
699 3206 752 3253 tivo
764 3206 824 3252 milti
842 3222 923 3252 carere
940 3216 1037 3268 potest,
1050 3204 1162 3267 inprimis
1179 3206 1211 3253 ob

179 3288 237 3337 Car.
252 3288 309 3333 ΧΠ.
327 3301 348 3331 1.
368 3285 475 3331 Tandem
489 3285 543 3349 ι’ρεα
556 3286 656 3332 necessi·
700 3285 773 3332 verba
785 3284 889 3348 praeced.
899 3300 931 3330 ex
941 3300 989 3347 quo
1001 3284 1033 3330 ab
1043 3285 1121 3329 Roma
1132 3284 1208 3341 redii,

143 3376 199 3421 tas,
210 3381 284 3428 quum
294 3364 374 3410 dicere
379 3362 504 3427 juberent,
516 3365 577 3411 vicit
590 3364 656 3411 doio·
700 3379 772 3426 quam
784 3362 884 3425 specim
895 3361 989 3417 udaie,
1002 3377 1107 3425 quornm
1117 3362 1162 3409 alia
1174 3364 1211 3410 vis

142 3459 207 3501 nna,
217 3454 304 3507 aeque,
320 3452 356 3499 et,
371 3442 407 3490 ita
423 3459 490 3489 orsus
505 3444 609 3490 ese-niu
624 3460 656 3490 ex
700 3452 751 3498 est,
767 3444 786 3488 si
801 3442 889 3500 tertio,
901 3442 962 3499 alia,
976 3440 995 3486 si
1012 3441 1092 3504 primo
1106 3441 1211 3505 jungun-

142 3522 200 3571 ood.
212 3522 307 3569 Thuau.
318 3533 342 3568 et
354 3522 454 3568 Hearnii
464 3525 491 3569 L.
505 3538 514 3567 1
528 3521 575 3585 leg.
584 3522 655 3586 jube·
699 3532 739 3570 tur
754 3520 828 3568 casui.
845 3520 935 3567 Nostra
950 3519 1076 3567 distinctio
1091 3531 1128 3567 est
1145 3522 1211 3585 opti-

142 3613 227 3658 νείκη·
248 3600 323 3648 Drak.
352 3602 412 3663 Qun
442 3601 523 3648 dicere
543 3601 652 3665 juberet,
700 3616 752 3657 mn,
765 3598 1121 3662 senteufiaqueplana‚sieam
1133 3611 1210 3647 muta·

143 3679 193 3727 vel:
208 3681 286 3742 Quum
302 3679 330 3727 d.
339 3679 468 3743 juberent,
485 3690 576 3743 atque,
596 3695 656 3726 con·
701 3680 731 3728 tis
741 3679 821 3726 verbis
837 3679 870 3726 ita
887 3676 1048 3742 expresseris,
1067 3694 1143 3740 quum
1158 3679 1210 3742 ipse

142 3760 223 3808 festim
233 3760 243 3823 (
253 3759 309 3806 vide
322 3760 354 3807 ad
368 3760 468 3819 xxvt,
480 3759 513 3821 39
524 3793 531 3817 ,
542 3776 567 3807 n.
586 3761 614 3806 13
628 3757 655 3822 )‚
699 3759 731 3806 sit
750 3759 879 3805 insidiator
896 3768 1043 3822 perpetuus,
1056 3757 1133 3815 ultio,
1148 3758 1210 3806 adeo

142 3839 180 3887 ita
189 3855 257 3886 orsio
266 3850 302 3885 est
313 3838 416 3886 malebat
426 3838 502 3884 Gron.
700 3838 776 3902 (vide
792 3837 823 3884 ad
838 3840 864 3894 1,
875 3837 889 3884 ⁵
896 3872 903 3896 ‚
915 3853 939 3883 n.
954 3835 1005 3900 6),
1017 3835 1078 3883 milti
1091 3854 1140 3884 nou
1153 3837 1211 3886 insi-

179 3934 203 3965 a.
217 3919 295 3980 Quum
307 3917 370 3981 ipse,
383 3933 415 3964 ea:
425 3932 473 3980 quo
485 3916 518 3962 ab
530 3917 607 3962 Roma
619 3931 655 3963 re·
698 3916 802 3964 diatoris
812 3916 900 3972 inodo,
912 3916 957 3962 sed
964 3915 1067 3963 latronis
1075 3919 1146 3965 etiam
1158 3935 1210 3983 spe·

141 3996 197 4061 dii(
207 3996 264 4043 aide
274 3997 306 4043 ad
316 3998 393 4051 vtn,
407 4010 472 4056 1‚n.
488 3992 535 4056 1),
593 3994 652 4042 insi·
699 3997 758 4044 ciem
777 3995 863 4043 induit.
883 3996 1053 4044 Insidiatorem
1072 4013 1130 4044 vero
1148 3997 1173 4057 h.
1193 3997 1210 4045 l.

141 4075 223 4123 dictur
239 4075 314 4132 ultro,
335 4073 404 4129 mihi,
423 4085 471 4121 etc.
491 4072 654 4137 distinguebat
698 4092 749 4123 uon
770 4076 844 4123 alium
865 4091 938 4138 quam
959 4076 1056 4123 fratrem
1076 4093 1143 4135 esse,
1159 4093 1209 4125 non

142 4155 241 4227 Grou,
257 4167 282 4202 at
310 4154 421 4218 plerique
444 4153 570 4200 insidietur
591 4155 653 4201 ulem
698 4171 762 4219 opus
778 4165 830 4203 erat
845 4156 952 4214 moneri,
965 4171 1040 4218 quum
1057 4167 1108 4204 tota
1128 4158 1208 4205 Persei

141 4233 216 4290 mitt,
237 4251 302 4290 non,
323 4245 369 4281 etc.
391 4232 464 4297 prob.
484 4234 590 4289 Benene,
613 4233 655 4279 cui
698 4236 821 4283 accusatio
830 4252 886 4282 eum
896 4246 1023 4300 spectaret.

141 4312 244 4360 verbum
265 4313 394 4360 insidietur
408 4311 451 4357 vix
462 4310 560 4358 videtur
573 4326 655 4358 carere
736 4308 760 4355 3.
777 4306 964 4354 circumventum
985 4322 1036 4363 me,
1049 4306 1141 4360 solum,
1158 4304 1210 4352 ino·

142 4392 184 4440 hic
191 4409 264 4457 posse
273 4392 357 4440 dativo
367 4389 438 4444 milti,
451 4406 523 4452 quem
534 4389 566 4436 ad
576 4388 656 4438 induit
695 4402 753 4450 pens
765 4386 774 4451 (
784 4386 842 4434 aide
852 4385 884 4433 ad
895 4402 948 4449 cap.
965 4399 1044 4441 11‚n.
1057 4398 1069 4441 7
1082 4382 1106 4446 )‚
1118 4382 1209 4430 invidae

141 4484 184 4521 aaut
201 4485 312 4537 repetas,
327 4482 369 4520 aut
390 4469 508 4521 excidisse
521 4479 601 4534 putes.
621 4471 655 4517 At
696 4465 787 4532 gratiae
805 4476 926 4521 externa,
945 4476 1066 4520 romane,
1086 4461 1210 4521 Romano-

142 4551 196 4599 tiaee
213 4551 276 4598 ratio
288 4551 360 4598 nobis
371 4548 455 4614 potius
466 4549 559 4597 caeteris
570 4547 655 4596 dunos
698 4562 766 4605 rum,
775 4577 781 4590 .
789 4579 794 4591 .
802 4554 908 4591 .onerat.
