2722 5040
151 815 223 902 456
503 878 507 885 .
569 819 608 884 Τ.
640 819 779 885 n1v11
1064 797 1186 912 ῗιῐὲῐὲξί·

149 972 165 1005 α
178 945 207 1010 Ε
223 940 388 1010 convivio
402 952 438 1009 et
452 936 764 1009 comissationibus
779 963 894 1036 prope
909 939 1149 1011 semisomnus
1161 965 1211 1009 ra-

148 1065 264 1149 eptns
283 1075 363 1121 sum
382 1047 428 1120 ad
451 1072 591 1124 causam
616 1047 796 1145 parricidii
817 1046 1017 1120 dicendam.
1041 1049 1124 1119 Sine
1147 1046 1211 1118 ad·

149 1161 334 1247 «vocatis,
355 1160 431 1230 sine
457 1159 652 1255 patronist,
674 1161 752 1258 ipse
775 1182 842 1257 pro
868 1183 924 1236 me
945 1157 1065 1230 dicere
1088 1181 1208 1254 cogor.

147 1273 213 1343 «Si
231 1296 297 1369 pro
314 1270 384 1341 alio
402 1268 592 1341 (licendum
610 1285 719 1359 esset,
738 1283 881 1367 tempus
900 1267 947 1339 ad
962 1267 1210 1339 meditandum

146 1413 162 1446 «
177 1397 213 1453 et
226 1377 515 1478 componendam
524 1380 725 1451 orationem
734 1380 983 1476 sumpsissem,
995 1404 1110 1476 quum
1122 1376 1210 1476 quid

137 1524 165 1585 ιιι
179 1493 297 1579 aliud,
323 1517 433 1591 quam
453 1491 586 1588 ingenii
607 1489 720 1578 fama,
744 1485 1014 1589 periclitarer⁸i
1038 1495 1210 1588 Ignarus,

150 1601 269 1699 «quid
289 1604 477 1673 arcessitus
494 1625 625 1689 essem,
643 1616 678 1671 te
692 1602 824 1672 'iratum
842 1616 879 1672 et
890 1600 1079 1696 jubentem
1093 1598 1212 1671 dicere

148 1743 164 1776 «ι
179 1737 342 1796 causam,
365 1710 511 1784 fratrem
536 1727 762 1783 accusantem
790 1711 920 1781 audivi.
949 1710 1015 1783 Ille
1039 1708 1103 1780 diu
1129 1724 1210 1780 ante

147 1841 392 1924 «praeparata,
418 1826 585 1898 meditata
610 1829 647 1897 in
669 1851 726 1898 me
748 1829 911 1898 oratione
932 1841 985 1897 est
1008 1849 1118 1897 usus:
1142 1849 1210 1922 ego

148 1936 214 2006 «id
234 1951 373 2008 tantum
391 1941 580 2035 temporis,
597 1963 673 2034 quo
691 1952 875 2009 accusatus
894 1963 992 2024 sum,
1013 1937 1058 2008 ad
1074 1962 1208 2035 cogno·
1267 1997 1270 2002 .

147 2078 164 2111 ιι
179 2048 376 2135 scendum,
403 2049 492 2146 quid
515 2064 702 2146 ageretur,
728 2047 850 2120 habui.
874 2054 1004 2120 Utrum
1025 2061 1210 2118 momento

147 2187 164 2221 r
179 2157 242 2228 illo
258 2158 357 2229 horae
370 2173 614 2230 accusatorem
628 2159 809 2231 audirem?
821 2185 868 2230 an
880 2158 1128 2231 defensionem
1143 2183 1211 2228 me·

147 2298 163 2329 a
178 2267 336 2340 ditarer?
356 2272 539 2340 Attonitus
559 2270 750 2366 repentino
768 2284 877 2367 atque
893 2269 1082 2366 inopinato
1094 2267 1210 2351 malo,

63 2378 73 2394 '
148 2381 254 2465 «vix,
267 2380 356 2477 quid
371 2379 609 2474 objiceretur,
625 2381 824 2476 intelligere
838 2381 959 2477 potui3
976 2376 1113 2450 nedum
1129 2379 1211 2448 satis

148 2490 311 2574 «sciam,
333 2515 407 2586 quo
431 2489 542 2561 modo
562 2515 620 2560 me
640 2505 750 2561 tuear.
772 2490 867 2579 Quid
892 2490 980 2559 mihi
1001 2490 1079 2585 spei
1100 2502 1209 2573 esset,

147 2629 163 2661 α
177 2599 244 2668 nisi
268 2613 406 2695 patrem
424 2599 583 2692 judicem
605 2600 801 2671 haberem?
819 2599 918 2698 apud
941 2599 1210 2696 quem‘etiamsi

146 2709 322 2779 «caritate
348 2733 368 2777 a
390 2707 499 2780 fratre
525 2711 660 2805 majore
682 2711 827 2795 vincor,
849 2708 1095 2781 misericordia
1114 2723 1209 2779 certe

146 2847 163 2881 a
176 2841 260 2888 reus
273 2819 368 2889 vinci
382 2844 457 2889 non
475 2819 604 2911 debeo.
619 2826 695 2918 Ego
707 2823 821 2905 enim,
841 2835 882 2890 ut
894 2846 952 2891 me
967 2820 1055 2891 mihi
1071 2819 1210 2918 tibique

146 2953 299 3000 «serves
319 2953 469 3026 precor:
490 2930 571 3015 ille,
591 2947 705 3002 utine
722 2932 758 3001 in
782 2932 1010 3002 securitatem
1028 2954 1131 3000 suam
1150 2954 1209 3000 oc·

145 3037 289 3125 acidas,
309 3040 479 3137 postulat.
500 3040 597 3131 Quid
618 3066 720 3125 eum,
740 3066 854 3137 quum
875 3065 1026 3137 regnum
1047 3041 1079 3110 ei
1100 3038 1208 3110 tradi·

146 3146 288 3231 «deris,
316 3146 493 3220 facturum
522 3151 637 3221 credis
663 3153 700 3220 in
724 3175 783 3222 me
811 3176 908 3234 esse,
934 3152 997 3248 qui
1012 3151 1085 3244 jam
1111 3174 1210 3221 nunc

147 3261 351 3356 «sanguine
368 3284 450 3331 meo
470 3259 538 3331 sibi
553 3260 730 3356 indulgeri
748 3285 890 3356 mquum
911 3259 1059 3330 censet?
1073 3292 1088 3324 a

146 3489 192 3537 Sed
207 3489 259 3536 talis
275 3505 325 3538 non
344 3501 392 3538 tem
405 3490 565 3554 negligentia,
581 3507 654 3554 quom
698 3492 863 3540 atheniensem
878 3492 971 3550 civem,
988 3507 1062 3554 quem
1079 3492 1142 3555 regis
1158 3492 1208 3538 Ma·

144 3568 305 3617 redundantia
324 3571 454 3628 orationis,
470 3587 517 3634 qua
531 3582 555 3618 et
568 3571 654 3618 diluci·
699 3572 819 3619 cedonum
833 3572 919 3620 lilium.
930 3573 1015 3634 Neque
1029 3571 1092 3618 enim
1105 3569 1208 3618 hirmos

145 3649 201 3696 dior
212 3647 240 3697 fn
253 3666 292 3707 ea,
308 3661 333 3697 et
345 3650 567 3714 vividior‚passim
582 3650 654 3697 obvia
699 3651 744 3698 fuit
766 3653 792 3698 in
810 3668 892 3714 regum
913 3651 989 3712 aulis,
1009 3662 1037 3698 ut
1060 3667 1144 3698 eorum
1165 3647 1209 3697 filii

143 3739 188 3775 est.
199 3731 230 3775 In
243 3744 284 3784 eo,
303 3745 339 3776 rc.
357 3730 429 3776 fratre
441 3730 541 3791 maiori,
556 3728 610 3785 ubi,
628 3729 654 3776 in
699 3745 783 3777 mum
795 3741 899 3779 orarent.
910 3732 955 3779 En.

146 3823 236 3869 quo...
251 3805 297 3864 iti,
311 3808 337 3854 in
353 3824 397 3865 eo,
410 3809 476 3873 epod
493 3824 563 3865 eom,
574 3819 601 3854 nt
614 3810 653 3865 11,
735 3812 759 3856 8.
771 3812 849 3871 Qmem
858 3811 921 3875 quid
930 3808 1015 3863 aliud,
1032 3825 1107 3872 quam
1121 3804 1210 3872 ingenii
1246 3850 1250 3856 .

145 3886 395 3943 4831v‚13;xtv,
414 3888 456 3934 35.
468 3887 517 3934 Sed
526 3902 572 3952 pro
586 3887 610 3934 in
626 3902 654 3934 eo
691 3887 781 3953 firma,
797 3889 968 3952 periclitatum·
983 3899 1049 3935 ‘nam
1074 3883 1210 3950 periclitari

144 3966 204 4009 Lor.
213 3980 238 4019 2,
247 3980 298 4010 non
305 3964 410 4028 improb.
422 3965 495 4014 Dralt.
505 3968 539 4018 Τὸ
552 3967 577 4014 in
587 3966 655 4014 abest
698 3983 739 4024 re,
757 3967 848 4016 dicitur
866 3985 913 4032 pro
922 3987 950 4033 p.
970 3968 1001 4015 de
1015 3984 1058 4022 re,
1075 3966 1208 4032 periculum

145 4058 190 4089 ac.
200 4042 296 4090 Victor.
311 4047 372 4092 Lor.
386 4047 400 4091 3
413 4057 437 4092 et
453 4047 479 4093 6.
493 4047 572 4094 Voces
589 4047 654 4093 ineo
698 4046 733 4093 rei
754 4047 832 4094 lacere
850 4063 892 4094 seu
915 4048 1011 4105 subire,
1033 4046 1089 4111 gall.
1109 4044 1208 4110 rr'sqner.

144 4137 158 4168 ι
176 4122 308 4184 glossatore
321 4129 356 4189 τῷ
369 4125 410 4170 ubi
422 4124 555 4188 adscriptas
566 4126 655 4183 fnisse,
699 4125 772 4174 Cont.
786 4127 865 4175 Gron.
880 4138 904 4174 et
917 4126 992 4174 Drak.
1008 4125 1040 4172 ad
1055 4125 1209 4180 xxxma,

144 4201 246 4264 putabat
257 4201 327 4248 Cret·-
699 4205 747 4262 25,
763 4222 788 4253 n.
806 4214 829 4262 4.
846 4208 950 4270 Propter
967 4221 1041 4269 praec.
1062 4203 1125 4269 quid
1142 4202 1212 4251 alirrd

181 4279 271 4339 7.Sr'rre
291 4280 432 4340 advocatis,
452 4282 504 4328 riae
522 4283 655 4346 patronis,
700 4285 818 4348 suspicari
836 4285 917 4348 possis
930 4283 1031 4350 samam
1046 4282 1207 4347 periclitarer,

143 4358 200 4406 m‘de
215 4359 246 4408 ed
263 4359 363 4416 xxw,
383 4361 464 4416 ιω.
481 4368 504 4415 t.
520 4387 553 4398 -
566 4361 593 4407 Si
607 4379 656 4425 pro
700 4362 725 4409 h.
745 4380 767 4411 e.
782 4362 892 4428 periculo
911 4378 1068 4427 exponerem.
1084 4363 1156 4411 Conl'.
1176 4373 1209 4408 ta-

144 4439 194 4485 atio
213 4437 342 4485 dicendam
361 4451 434 4495 essen
452 4438 505 4487 hee
523 4440 599 4505 magi·
617 4456 656 4488 ro·
699 4457 755 4489 men
766 4441 798 4489 ad
810 4445 848 4499 11,
863 4442 893 4499 8,
906 4458 931 4490 n.
947 4457 971 4503 9.
986 4469 1021 4478 -
1033 4440 1101 4502 Quid
1111 4437 1210 4487 arcessi·

144 4531 241 4564 manum
259 4518 367 4566 decuisse
381 4517 453 4568 Crer.
471 4519 600 4579 observet,
614 4531 656 4570 eut
700 4532 737 4568 tus
748 4537 839 4577 essem
850 4521 988 4580 videadV,
1002 4521 1043 4580 51,
1056 4535 1080 4567 n.
1091 4535 1115 4566 a.
