2722 5040
130 39 1319 347 u

151 780 219 868 146
351 774 355 781 '
569 778 779 847 T.1.1V11
1059 760 1184 861 ᾒζξζξξζζ

145 903 335 1002 copiarum
350 914 427 983 erat
440 896 632 984 Romanis3
650 910 688 967 et
705 895 780 967 duo
798 895 908 966 millia
920 896 1117 966 mixtorum
1131 900 1212 968 Ma-

144 1013 328 1087 cedonum
343 1008 614 1102 Thracumque,
632 1006 697 1102 qui
715 1004 901 1076 voluntate
919 1006 1066 1101 sequuti
1086 1020 1212 1093 erant,

145 1122 312 1222 praesidio
324 1117 437 1191 relicti
449 1130 536 1188 sunt
549 1117 684 1187 castris.
701 1116 888 1193 sexdecim
903 1115 1114 1214 elephantos
1127 1131 1213 1214 post

146 1234 288 1305 triarios
316 1231 355 1299 in
383 1224 545 1299 subsidio
574 1227 798 1299 locaverunt.
827 1231 941 1313 Nam,
969 1240 1212 1324 praeterquam

146 1341 247 1442 quod
275 1335 543 1411 multitudinem
569 1338 752 1433 regiorum
783 1335 1059 1433 elephantorum
1082 1335 1213 1432 (erant

145 1466 265 1525 autem
282 1462 440 1546 quatuor
457 1461 493 1518 et
514 1448 800 1544 quinquaginta)
824 1448 1002 1518 sustinere
1019 1471 1096 1517 non
1111 1445 1212 1518 vide·

143 1560 279 1633 bantur
298 1580 425 1654 posse,
448 1583 495 1629 ne
515 1560 592 1656 pari
609 1556 756 1655 quidem
779 1581 934 1629 numero
953 1555 1086 1628 Indicis
1103 1556 1213 1629 Asrici
1253 1584 1255 1589 ·

143 1670 335 1756 resistunt3
349 1669 422 1739 sive
437 1669 523 1765 quia
538 1667 787 1765 magnitudine
805 1668 937 1764 (longe
953 1667 1048 1739 enim
1064 1667 1113 1738 illi
1128 1691 1214 1764 prae-

143 1794 241 1853 stant
252 1775 266 1823 ⁵
278 1781 311 1874 ),
329 1779 405 1849 sive
422 1776 556 1851 robore
575 1779 780 1849 animorum
795 1779 1000 1848 vincuntur.

192 1893 266 1961 XL.
276 1888 385 1985 Regia
394 1889 618 1959 acies¹varia
636 1889 748 1985 magis
766 1887 889 1959 multis
904 1886 1094 1984 gentihus,
1112 1883 1214 1956 dissi·

144 1997 348 2073 militudiue
375 2021 559 2070 armorum
588 1997 878 2095 auxiliorumque
903 2011 989 2069 erat.
1017 2002 1150 2068 Decem
1176 2010 1214 2067 et

144 2134 208 2183 sex
231 2107 342 2181 millia
365 2107 528 2205 peditum
553 2132 655 2180 more
680 2107 921 2180 Macedonum
945 2109 1071 2179 armati
1089 2105 1213 2194 fuere,

142 2220 209 2317 qui
226 2218 442 2317 phalangitae
461 2217 748 2317 appellabantur.
779 2226 861 2291 Haec
884 2218 1003 2290 media
1023 2217 1117 2288 acies
1143 2214 1214 2287 fuit

144 2333 184 2403 in
198 2327 339 2417 fronte,
358 2329 397 2399 in
415 2329 540 2400 decem
560 2343 680 2426 partes
698 2327 820 2399 divisa.
836 2332 957 2399 Partes
973 2351 1033 2399 eas
1051 2327 1214 2423 interpo-

144 2439 220 2511 sitis
238 2437 334 2510 hinis
359 2437 560 2536 elephantis
575 2436 841 2536 distinguebat:
858 2462 878 2507 a
899 2435 1020 2508 fronte
1034 2438 1214 2507 introrsus

144 2552 183 2622 in
204 2548 297 2622 duos
317 2564 354 2621 et
370 2550 515 2646 triginta
537 2547 683 2625 ordines
699 2562 919 2619 armatorum
944 2548 1036 2618 acies
1054 2543 1212 2644 patebat.

144 2664 223 2731 Hoc
239 2674 275 2731 et
287 2656 430 2730 roboris
444 2659 483 2728 iu
496 2660 602 2755 regiis
616 2660 730 2756 copiis
746 2672 842 2745 erat,
860 2671 917 2743 et,
932 2655 1082 2755 perinde
1096 2679 1213 2752 quum

144 2770 213 2841 alia
232 2768 373 2867 specie,
398 2783 475 2839 tum
499 2768 744 2841 eminentibus
768 2781 910 2839 tautum
936 2768 1033 2838 inter
1057 2780 1214 2839 armatos

145 2877 367 2975 elephantis,
397 2901 569 2974 magnum
598 2892 774 2949 terrorem
796 2875 981 2975 praebebat
992 2887 1016 2947 ².
1043 2881 1215 2975 Ingentes

144 2989 213 3087 ipsi
240 3002 353 3059 erant.
376 2985 568 3058 Addebant
595 2989 753 3084 speciem
780 2985 948 3058 frontalia
975 3000 1011 3058 et
1039 2989 1153 3057 cristae
1178 3001 1215 3059 et

145 3112 247 3195 tergo
267 3097 442 3195 impositae
459 3111 577 3168 turres
593 3098 828 3197 turribusque
847 3112 1109 3196 superstitum,
1126 3122 1214 3196 prae-

145 3223 201 3280 ter
228 3221 432 3294 rectorem,
458 3207 627 3303 quaterni
653 3212 792 3278 armati.
819 3207 873 3278 Ad
906 3208 998 3279 latus
1024 3206 1213 3278 dexterum

182 3402 205 3450 5.
217 3398 388 3465 Magnitudine
398 3400 469 3465 longe
477 3399 541 3447 enim
550 3401 587 3449 illi
594 3417 657 3464 pne-
702 3403 787 3459 Dour..
796 3417 847 3449 uon
856 3417 933 3466 pauca
943 3401 1081 3458 restabunt,
1090 3416 1145 3464 qna
1156 3401 1215 3449 satis

145 3477 313 3537 stantsindici
323 3479 447 3544 elephanti
456 3479 659 3542 africis3vidasd
702 3481 808 3546 perspici
822 3492 952 3544 nequeant.
971 3484 1017 3530 En.
1032 3507 1067 3517 -
1084 3481 1174 3528 Decem
1191 3491 1216 3528 et

146 3558 561 3622 Juvenu.x‚150,xl‚123sq.
701 3576 747 3608 sex
757 3560 834 3608 millia
841 3560 954 3625 peditum
967 3560 1047 3625 (quot
1058 3562 1084 3607 in
1095 3559 1215 3624 phalange

182 3635 243 3686 Car.
251 3639 304 3686 XL.
318 3653 340 3685 1.
350 3640 425 3704 Regia
433 3639 505 3688 acies.
515 3634 538 3689 Si
547 3638 602 3703 quia
610 3637 659 3687 ola·
701 3638 796 3688 Maced
807 3650 888 3698 erant3
897 3640 955 3688 vide
967 3656 1039 3704 supra
1047 3639 1078 3687 sd
1088 3640 1215 3697 xxxin,

147 3717 197 3763 rius
205 3715 287 3765 animo
299 3730 473 3781 repraesentare
483 3718 552 3783 cupit
562 3734 659 3767 omnem
704 3717 813 3782 t)more
825 3719 984 3767 Macedonum
994 3719 1101 3776 armati,
1106 3717 1215 3782 phalea·

148 3794 274 3855 ordmem,
294 3795 326 3843 ad
339 3814 410 3861 quem
429 3809 477 3847 tam
491 3801 660 3847 Romanorum
701 3799 781 3863 gitoe5
791 3799 857 3846 conf.
868 3797 900 3846 ad
913 3799 1040 3857 xxxvl,
1056 3799 1098 3856 18,
1112 3815 1137 3845 n.
1150 3798 1215 3856 3‚et

148 3888 221 3938 quam
237 3874 355 3923 Antiochi
366 3879 444 3936 acies,
456 3878 575 3927 instructa
588 3876 660 3925 fuisse
704 3879 813 3943 Appian.
829 3880 885 3945 Syr.
903 3882 949 3936 18,
970 3896 1010 3943 19,
1023 3906 1058 3916 -
1072 3881 1159 3926 Partes
1173 3894 1215 3925 eas

148 3963 271 4011 narratur,
284 3954 306 4002 ia
319 3954 389 4007 adeat
406 3957 479 4019 hujus
494 3956 551 4005 libri
571 3954 659 4014 linem
704 3957 849 4022 interpositis
865 3958 927 4006 binis
940 3958 1073 4023 elephantis
1085 3956 1216 4022 distingue·

147 4030 192 4079 ubi
211 4033 319 4082 tabulam
334 4035 443 4086 inveniet
455 4052 487 4086 ex
502 4034 563 4085 adit.
585 4034 659 4084 Drak.
705 4038 762 4099 bat,
782 4038 855 4102 quis?
879 4037 1015 4101 interpositi
1028 4036 1079 4084 tint
1093 4034 1217 4100 elephanti

147 4112 331 4177 transcriptam,
347 4115 430 4181 ibique
447 4116 565 4163 rationem
582 4113 659 4179 inapi·
702 4115 883 4183 distinguebant
895 4116 961 4177 conj.
974 4116 1046 4165 Crev.
1063 4115 1153 4163 Lenior
1165 4129 1215 4162 me·
1307 4168 1311 4173 ¹

146 4189 195 4238 ciat
205 4207 252 4255 qua
266 4194 394 4257 utriusque
405 4194 525 4244 exercitus
535 4193 659 4242 militeain
703 4193 799 4246 dicina:
811 4207 893 4260 partes
909 4210 945 4243 etr
957 4194 1105 4260 interpositis
1119 4194 1183 4243 binis
1193 4208 1215 4242 e.

147 4268 199 4317 acia
213 4270 328 4323 collocati
341 4273 445 4323 Ineunt.
460 4272 552 4321 Confer
561 4288 659 4337 quoqne
703 4273 922 4340 distinguebantur.

147 4347 233 4397 eodem
247 4349 304 4398 loco
320 4351 470 4410 Excursum,
487 4367 584 4415 queme
600 4352 658 4400 Gla·
738 4369 763 4402 a.
777 4352 882 4402 Perinde
886 4386 946 4402 .....
970 4368 1086 4418 mugitum
1100 4362 1215 4399 terrorem

146 4427 215 4475 reani
231 4427 298 4477 notia
314 4444 388 4493 super
402 4429 522 4486 Antiochi
540 4431 658 4481 instructa
697 4433 840 4498 probolam
850 4431 985 4480 videndum
995 4431 1108 4497 supra'sd
1117 4429 1160 4478 lib.
1171 4430 1216 4485 IV,

146 4505 198 4553 scie
207 4505 390 4571 desumpsimus.
403 4507 466 4568 Sed,
480 4520 508 4559 ut
518 4508 658 4559 observarit
702 4527 756 4577 cap.
767 4512 848 4574 37,n.
859 4518 883 4565 4.
