2722 5040
510 795 788 891 sxcnns'us.
1114 821 1181 916 189

117 965 181 1013 tata
199 951 227 1015 si
241 950 317 1037 quis
334 950 493 1014 memoria
511 950 661 1030 babebit,
685 950 1026 1038 comparationemque
1043 951 1179 1016 laterum

116 1055 201 1118 inter
225 1077 260 1118 se
282 1055 414 1137 lecerit,
432 1054 525 1119 facile
541 1055 681 1135 ridebit,
705 1053 847 1142 insignes
863 1053 917 1118 bic
938 1075 1007 1119 esse
1029 1054 1178 1121 codicum
1277 1054 1278 1059 ’

116 1161 265 1225 omnium
281 1182 417 1225 errores.
434 1161 518 1226 Nam
528 1160 585 1248 qui
598 1159 666 1225 lieri
676 1159 796 1248 possit,
810 1173 849 1222 ut
863 1181 930 1224 non
941 1160 1041 1225 altero
1053 1161 1126 1226 loco
1138 1163 1180 1226 sit

116 1290 219 1348 error,
235 1291 340 1356 quum
355 1268 554 1356 cataphracti
563 1267 719 1355 equitatus
734 1267 768 1329 in
784 1264 897 1330 dextro
910 1266 1065 1331 Antiochi
1075 1291 1179 1334 cornu

118 1371 172 1437 fist
185 1373 326 1453 mentio,
337 1372 469 1461 quando
481 1373 550 1461 ipse
561 1394 616 1436 rex
624 1388 766 1460 quatuor
776 1372 843 1436 illas
857 1389 979 1436 turmas
990 1373 1111 1438 sinistri
1121 1376 1181 1440 Ro-

118 1496 292 1538 manorum
308 1496 414 1538 cornu
429 1497 448 1538 a
462 1475 532 1562 ripa
544 1474 677 1563 Phrygii
692 1474 795 1541 amnis
810 1471 977 1555 deturbat,
997 1475 1090 1554 cujus
1107 1476 1178 1556 hie,

119 1602 221 1666 quum
237 1578 326 1643 idem
343 1580 408 1644 hoc
422 1579 573 1645 dextrum
589 1579 743 1645 Antiochi
756 1602 860 1643 cornu
874 1579 1044 1668 diligenter
1058 1579 1180 1647 deseri·

118 1685 209 1749 beret
218 1685 337 1768 Livius,
344 1708 476 1774 prorsus
490 1709 558 1751 oon
569 1685 736 1751 meminit?
746 1685 870 1751 Pedites
881 1685 1012 1772 quidem
1021 1685 1177 1768 amasos,

117 1790 336 1879 cataphractos
348 1792 392 1856 ab
409 1792 554 1856 Asiaticis
567 1808 714 1873 vocatos,
732 1792 838 1880 ponit,
860 1792 917 1856 sed
933 1792 967 1855 id
984 1815 1044 1881 ego
1067 1815 1179 1862 corru-

119 1914 210 1984 ptum
227 1913 320 1985 puto.
341 1898 424 1980 Quis
445 1899 532 1963 enim
553 1920 698 1985 unquam
709 1898 829 1986 pedites
844 1898 1062 1986 cataphractos
1078 1899 1181 1988 legit?

118 2001 193 2066 item
212 2003 253 2072 in,
266 2005 344 2092 luga
360 2003 430 2068 laevi
448 2003 600 2068 Antiochi
623 2025 725 2067 cornu
752 2018 921 2067 enumerat
936 2020 1045 2091 postea
1064 2007 1180 2092 equites

113 2107 332 2198 phalangitas,
347 2131 488 2196 quorum
510 2124 604 2173 antea
623 2108 656 2171 in
674 2106 889 2195 descriptione
911 2107 1055 2187 ejusdem
1073 2132 1178 2176 cornu

119 2235 185 2278 non
200 2215 359 2278 meminit
376 2213 426 2277 De
441 2236 579 2278 numero
592 2212 678 2280 idem
695 2211 844 2278 dicimus.
857 2213 890 2276 si
903 2212 990 2279 enim
1007 2214 1180 2297 inunum,

118 2321 173 2406 qui
193 2320 246 2385 bic
268 2336 455 2408 ponuntur,
474 2320 600 2409 numeri
618 2337 650 2383 et
666 2319 812 2406 equitum
831 2334 864 2383 et
884 2318 1030 2406 peditum
1051 2342 1178 2386 coacer-

118 2443 249 2508 rentur,
263 2449 333 2490 non
356 2427 484 2514 explent
504 2427 690 2511 scaugdae,
715 2439 870 2512 superant
892 2439 1001 2489 autem
1023 2427 1180 2515 quinqua·

117 2533 208 2618 ginta
225 2531 330 2596 millia
338 2580 347 2611 ,
364 2554 467 2619 quum
481 2532 589 2596 Livius
608 2531 704 2618 paulo
720 2545 794 2594 ante
806 2529 887 2619 (cap.
901 2528 956 2618 37)
972 2529 1071 2594 solius
1084 2533 1177 2620 pedi·

118 2653 202 2702 tatus
223 2639 392 2726 sexaginta
414 2637 517 2702 millia
534 2639 568 2700 in
590 2637 740 2701 Antiochi
760 2636 903 2703 exercitu
925 2637 1023 2701 fuisso
1044 2639 1176 2721 scribat,

118 2743 261 2830 equitum
273 2758 382 2808 autem
390 2742 465 2831 plus
475 2741 664 2809 Xllan'llra.
682 2745 749 2807 llos
763 2743 862 2831 igitur
873 2764 1015 2825 errores,
1025 2743 1052 2807 si
1067 2766 1176 2809 exem·

118 2848 293 2935 pleniorum
310 2847 389 2912 fides
406 2848 500 2911 nobis
517 2846 670 2929 deluerit,
698 2870 766 2910 non
784 2846 849 2911 ulla
867 2848 927 2911 alia
947 2870 987 2911 ex
1007 2871 1041 2912 re
1061 2851 1175 2916 melius

118 2955 317 3044 deprendere
335 2957 457 3039 licebit,
476 2979 573 3045 quarn
592 2979 631 3021 ex
646 2957 782 3020 laterum
798 2957 979 3021 collatione.
996 2958 1177 3024 Verisimile

118 3079 165 3126 est
180 3064 267 3127 enirn
278 3112 287 3147 ,
300 3063 496 3128 Antiochum
514 3079 691 3150 utrumque
709 3085 812 3127 comu
828 3085 919 3151 teque
936 3062 1066 3127 firmum
1083 3064 1177 3129 insti·

119 3169 226 3233 tuisse.
246 3171 294 3233 lta
313 3192 416 3257 quum
431 3170 578 3258 proxime
597 3168 795 3258 phalangitas
812 3169 966 3256 utrinque
986 3169 1051 3232 sint
1066 3169 1174 3234 Gallo·

118 3274 210 3361 graeci
221 3274 343 3363 pedites
360 3275 482 3339 milleni
495 3274 723 3364 quingenteni,
737 3275 869 3363 propius
884 3297 961 3337 vero
977 3290 1041 3354 est,
1053 3274 1087 3337 in
1101 3274 1176 3337 reli·

118 3379 190 3466 quis
204 3402 316 3444 eorum
331 3379 482 3444 ordinum
496 3380 620 3444 auxiliis
633 3380 787 3467 aequalem
803 3379 900 3442 fuisse
915 3400 1103 3459 numerum,
1120 3396 1176 3443 aut

117 3485 227 3549 saltem
245 3508 310 3550 non
327 3486 502 3565 minorem,
520 3486 578 3549 ubi
595 3507 651 3549 rex
668 3484 781 3550 stabat.
793 3485 835 3548 At
850 3485 884 3548 in
901 3484 1030 3548 sinistro
1043 3482 1175 3571 quidem

116 3591 215 3655 latere
230 3607 306 3680 post
317 3589 441 3680 pedites
454 3590 665 3680 Gallograecos
680 3606 851 3679 ponuntur
871 3605 904 3654 et
923 3589 1130 3678 Cappadoces
1143 3605 1176 3657 et

116 3697 168 3762 alii
193 3698 380 3780 auxiliares,
405 3696 523 3762 deinde
543 3720 621 3763 vero
643 3712 826 3785 sequuntur
848 3694 1041 3783 cataphracti
1069 3695 1175 3760 etalii

116 3804 241 3891 equites
255 3803 351 3869 mille.
374 3803 413 3866 In
433 3802 546 3868 dextro
563 3825 656 3887 vero,
672 3804 728 3867 ubi
742 3825 798 3866 rer
811 3817 894 3884 erat,
913 3801 1070 3866 continuo
1084 3800 1174 3891 pedi·

117 3908 203 3973 tibus
215 3908 416 3998 Gallograecis
429 3909 645 3990 subjiciuntur
657 3909 851 3998 cataphracti
863 3908 929 3972 sive
944 3907 1067 3972 loricati
1082 3909 1174 3996 equi-

116 4028 181 4095 tes,
208 4031 242 4077 et
257 4012 309 4079 ¹ala
330 4016 497 4104 equitum,
518 4036 647 4103 gemea,
665 4015 752 4095 sive,
777 4029 815 4078 ut
834 4014 887 4077 alii
909 4014 1040 4102 legunt,
1059 4036 1175 4102 agema

114 4134 237 4182 vocata.
264 4119 339 4185 Duo
363 4120 463 4209 igitur
485 4120 597 4210 populi
616 4137 672 4184 aut
693 4120 802 4207 potius
824 4117 954 4183 ordines
971 4117 1006 4182 in
1026 4141 1062 4182 ea
1085 4135 1174 4207 parte

114 4224 226 4289 omissi
241 4224 411 4306 videntur,
435 4242 468 4290 et
486 4247 640 4289 numerus
658 4224 754 4289 etiarn
776 4225 848 4312 plus
874 4240 1014 4312 quatuor
1033 4224 1174 4287 millibus

114 4329 233 4396 deficit.
256 4331 346 4396 Idem
375 4330 416 4397 de
439 4331 595 4395 continuo
620 4330 829 4419 sequentibus
854 4330 1051 4419 utroque'in
1076 4331 1174 4393 latere

113 4435 285 4500 ordinibus
302 4437 391 4501 dico:
409 4438 435 4501 si
448 4435 665 4526 argyraspidas
677 4438 860 4502 Tarentinis
876 4435 1076 4524 comparabis
1090 4433 1174 4518 (qui·
1287 4427 1290 4433 ’

115 4541 181 4603 bus
198 4558 311 4607 neutra
326 4544 358 4606 in
377 4559 466 4631 parte
482 4541 572 4607 adest
593 4565 765 4624 numerus,
780 4541 870 4630 quod
887 4538 1036 4626 equidem
1051 4536 1178 4622 miror)-
