2722 5040
166 844 287 959 32:333:
418 868 575 959 urana
604 868 679 933 xn
707 866 810 934 car.
839 866 917 930 xv.
1004 930 1006 934 ,
1127 860 1196 945 455

142 985 352 1069 «cedendo,
374 987 431 1056 cui
449 987 508 1080 jus
528 985 653 1083 fasque
676 999 747 1071 est,
767 1009 841 1054 uon
860 983 1051 1068 modestia,
1074 1010 1199 1056 conse-

141 1125 156 1158 «
169 1119 270 1193 quar.
294 1098 475 1165 Romanos
490 1095 616 1191 objicis
633 1095 740 1179 mihi,
759 1109 795 1165 ct
811 1119 870 1177 ea,
891 1121 969 1191 quac
985 1096 1105 1191 gloriae
1124 1121 1200 1167 esse
1276 1088 1282 1095 ⁸

141 1203 324 1290 «debent,
348 1207 383 1275 in
410 1207 545 1277 crimen
564 1209 683 1278 vertis.
704 1211 798 1302 Ego,
821 1231 886 1277 nec
905 1205 1010 1276 obses
1033 1208 1202 1277 Romanis

142 1347 158 1380 a
170 1331 212 1386 ut
228 1316 408 1404 traderer,
430 1342 496 1389 nec
514 1333 555 1388 ut
576 1318 714 1414 legatus
734 1317 894 1388 mitterer
914 1321 1085 1402 Romam,
1103 1319 1200 1415 petii.

142 1431 201 1496 «A,
222 1441 259 1496 te
282 1429 409 1497 missus
430 1429 482 1497 ire
504 1451 577 1498 non
600 1429 769 1499 recusavi.
793 1430 957 1523 Utroque
976 1441 1139 1524 tempore
1156 1429 1203 1497 ita

143 1562 232 1608 ime
254 1539 369 1632 gessi,
393 1560 439 1609 ne
463 1536 530 1608 tibi
553 1537 705 1636 pudori,
729 1563 775 1607 ne
800 1561 913 1634 regno
934 1552 1020 1623 tuo,
1041 1563 1086 1608 ne
1106 1539 1203 1631 genti

142 1645 410 1717 «Macedonum
434 1672 557 1718 essem.
580 1652 706 1745 Itaque
727 1647 812 1717 mihi
833 1673 912 1718 cum
933 1649 1103 1719 Romanis
1120 1649 1205 1717 ami-

143 1757 263 1827 «citiae
286 1773 450 1829 causatu
476 1757 597 1844 suisti,
622 1773 734 1856 pater.
760 1757 889 1847 Quoad
913 1772 1033 1829 tecum
1050 1758 1118 1829 illis
1137 1781 1205 1855 pax

143 1868 352 1953 «manebit,
370 1894 512 1940 mecum
530 1894 678 1965 quoque
699 1870 808 1967 gratia
828 1870 915 1937 erit:
937 1870 966 1937 si
979 1866 1114 1938 bellum
1130 1893 1206 1938 esse

144 1981 341 2077 «coeperit,
359 1983 423 2076 qui
442 1981 564 2066 obses,
584 1981 648 2075 qui
668 1980 804 2075 legatus
820 2003 886 2076 pro
908 1993 1008 2074 patre
1030 2003 1102 2047 nnn
1126 1981 1205 2048 inu·

144 2089 244 2160 «tilis
264 2087 336 2176 fui,
354 2090 450 2161 idem
470 2091 582 2161 hostis
605 2089 671 2159 illis
692 2091 885 2162 acerrimus
901 2114 972 2159 ero.
990 2093 1063 2160 Nec
1079 2088 1206 2170 hodie,

145 2229 161 2262 α
175 2214 215 2269 ut
229 2201 343 2296 prosit
359 2199 447 2269 mihi
460 2203 572 2298 gratia
584 2207 847 2281 Romanorum,
862 2197 1022 2295 postulo;
1039 2222 1085 2268 ne
1100 2196 1207 2276 obsit,
1255 2190 1257 2195 ’

145 2323 314 2380 «tautum
332 2308 527 2409 deprecor:
543 2335 610 2381 nec
626 2315 664 2380 iu
679 2310 917 2408 beIIoeuepit,
933 2334 1000 2380 nec
1014 2308 1058 2378 ad
1072 2307 1208 2380 bellum
1236 2328 1240 2335 ’

145 2434 386 2490 «reservatur.
412 2423 509 2491 Pacis
528 2422 657 2518 pignus
678 2419 748 2506 fui3
771 2420 815 2490 ad
837 2444 959 2518 pacem
982 2418 1206 2491 retinendam

146 2558 162 2593 α
177 2528 314 2625 legatus
328 2532 455 2601 missus
470 2555 569 2601 sum:
585 2546 711 2600 neutra
725 2552 782 2600 res
796 2530 884 2599 mihi
900 2554 968 2600 nec
981 2530 1123 2626 gloriae,
1142 2553 1209 2599 nec

146 2639 319 2708 «crimini
335 2641 390 2709 sit.
409 2645 505 2736 Ego,
526 2641 554 2711 si
573 2639 661 2736 quid
680 2642 790 2737 impie
809 2643 844 2711 iu
865 2655 918 2727 te,
938 2656 1059 2739 pater,
1076 2641 1104 2711 si
1122 2640 1210 2736 quid

147 2747 349 2820 «scelerate
372 2752 408 2820 in
436 2748 584 2820 fratrem
610 2750 756 2834 admisi,
783 2752 917 2822 nullam
941 2748 1118 2849 deprecor
1137 2776 1210 2848 por·

147 2857 310 2945 «nam53
341 2863 370 2929 si
401 2863 576 2932 innocens
605 2886 707 2943 sum,
736 2887 781 2932 ne
810 2862 942 2932 invidia
969 2863 1210 2958 conflagrem,

148 2994 292 3066 «quum
305 2972 455 3043 erimine
469 2998 543 3048 non
559 2974 710 3069 possim,
727 2971 914 3070 deprecor.
933 2975 1015 3042 Non
1034 2970 1141 3040 hodie
1154 2996 1211 3040 me

148 3080 333 3175 «primum
360 3078 470 3151 frater
489 3097 653 3169 accusat,
672 3081 735 3153 sed
761 3081 868 3152 hodie
890 3083 1047 3180 primum
1069 3096 1213 3176 aperte,

148 3217 165 3252 a
179 3188 280 3259 nuIIo
298 3214 381 3260 meo
405 3192 497 3261 inse
519 3194 657 3262 merito.
679 3192 714 3260 Si
736 3191 823 3260 mihi
841 3205 942 3287 pater
964 3203 1212 3266 succenseret,

148 3311 213 3368 «te
235 3300 407 3394 majorem
434 3299 579 3372 fratrem
604 3326 671 3399 pro
697 3303 837 3372 minore
860 3300 1044 3397 deprecari
1065 3313 1213 3394 oporte·

150 3437 165 3470 «
179 3406 262 3490 bat,
281 3423 318 3480 te
332 3408 601 3492 adolescentie,
617 3426 652 3481 te
668 3413 779 3481 errori
797 3414 934 3480 veniam
951 3411 1152 3506 impetrare.
1172 3414 1213 3477 In

149 3543 240 3605 «eo,
259 3518 322 3589 ubi
340 3521 542 3618 praesidium
561 3545 638 3590 esse
657 3517 870 3618 oportebat,
890 3518 939 3586 ibi
959 3513 1131 3588 exitium⁶
1149 3533 1211 3587 est.

151 3733 220 3792 Ioco,
230 3744 255 3781 et
267 3733 369 3781 cedendi
379 3735 464 3798 legunt
475 3736 534 3781 Lor.
548 3735 578 3791 3,
593 3733 659 3781 Med.
705 3733 821 3796 deprecor
831 3731 855 3796 j,
865 3734 881 3777 i.
895 3749 915 3779 e.
928 3732 999 3778 etiam
1010 3731 1130 3793 etiamque
1143 3743 1214 3795 peto,

154 3827 179 3867 r,
194 3822 218 3859 et
231 3813 329 3861 Gaertn.
340 3835 352 3853 ι»
368 3812 443 3862 DraI.
461 3813 494 3860 Id
506 3814 570 3860 enim
591 3811 661 3858 citius
706 3828 737 3858 ne
750 3811 841 3858 invidia
851 3810 1012 3877 conjugum,-
1024 3809 1079 3857 ride
1089 3809 1120 3856 ad
1131 3812 1215 3868 XXII,

151 3907 199 3937 non
208 3891 329 3949 cedendo,
340 3893 381 3943 cui
383 3893 426 3956 jus
428 3891 521 3957 sasque
531 3903 661 3955 est,quarn
708 3892 756 3947 35,
774 3907 798 3936 n.
818 3891 845 3937 3:
864 3901 888 3938 et
904 3890 935 3937 de
954 3889 1046 3953 duplici
1064 3906 1134 3937 seusu
1149 3892 1215 3939 serbi

151 3970 269 4018 modestia
281 3987 417 4035 consequar
429 3973 497 4032 conj.
509 3974 662 4021 Gronov.—
706 3970 822 4033 deprecor
838 3970 918 4033 intpp.
939 3968 1030 4017 Iustin.
1050 3971 1101 4029 XI,
1118 3987 1134 4030 9
1154 3982 1216 4018 extr.

152 4050 661 4115 ExDocrIng.sententia,Drak.eontorta
706 4065 755 4096 non
772 4060 887 4103 mortem,
905 4048 949 4095 sed
968 4047 1110 4095 dilationem
1133 4050 1216 4096 mortis

152 4139 188 4176 est
204 4129 351 4194 explicati03
369 4142 391 4177 et
413 4140 454 4178 rut
475 4130 592 4193 particula
613 4145 661 4175 non
706 4128 872 4191 deprecantur.
895 4155 928 4164 -
955 4128 1033 4188 Quum
1051 4127 1151 4175 crimine
1168 4145 1215 4175 non

152 4218 207 4256 anta
220 4209 340 4256 modestia
356 4208 475 4266 delenda,
490 4220 531 4256 aut
543 4209 661 4272 particula
703 4206 793 4270 possim
807 4207 966 4270 conflagrare,
986 4207 1042 4269 quia
1059 4206 1152 4254 nullum
1172 4210 1216 4254 cri·

153 4302 201 4334 non
215 4299 321 4347 servata,
340 4305 389 4336 vox
401 4287 526 4351 quaedam,
541 4302 595 4351 quae
606 4298 662 4351 post
707 4303 762 4333 meu
775 4287 899 4346 commisi;
911 4285 985 4333 Drnk.

155 4365 273 4414 modestia
285 4368 389 4424 excidit,
402 4366 538 4431 supplenda
551 4377 600 4424 est,
611 4382 663 4412 ver·
743 4366 767 4413 6.
781 4368 811 4413 Iu
824 4382 868 4422 eo,
881 4367 923 4413 ubi
931 4365 1071 4430 prandium
1083 4380 1132 4410 esse
1144 4381 1216 4426 opor-

156 4442 180 4489 bi
195 4461 280 4501 cauta.
295 4447 391 4495 ueendo.
403 4449 447 4493 En.
708 4447 784 4501 rebat,
800 4446 833 4492 ibi
848 4446 950 4493 exitium
963 4457 1016 4491 est:
1031 4454 1073 4490 aut
1089 4441 1113 4489 in
1130 4458 1159 4489 eo
1174 4457 1216 4492 aut

193 4523 216 4569 5.
228 4524 327 4573 Nullam
339 4543 438 4590 poenam
454 4526 577 4590 deprecor,
596 4540 663 4572 recu·
708 4524 741 4570 ibi
758 4523 892 4583 redundat,
904 4535 927 4570 et
945 4522 1027 4587 proin
1044 4537 1071 4567 eo
1089 4521 1152 4567 sorte
1170 4521 1217 4585 leg.

143 4617 200 4659 .so;
215 4602 257 4650 sed
275 4603 390 4668 ἄφασον
400 4604 410 4669 ζ
422 4615 447 4652 ut
460 4621 531 4670 supra
546 4620 576 4652 ue
587 4603 648 4653 obsit
656 4638 664 4663 ,
712 4619 792 4663 nunc5
807 4605 897 4652 IIauer.
920 4604 962 4651 Im
979 4600 1067 4665 psum
1090 4598 1234 4644 criminos
