2722 5040
168 674 289 789 llll]
380 696 531 763 urnae
560 696 660 762 xm.
690 697 794 764 cnr.
823 700 963 766 xxiv,
1139 695 1206 793 587

141 819 259 917 «quid
277 815 481 913 Philippus,
499 818 529 887 si
547 817 709 901 vixisset,
729 814 889 888 facturus
904 815 1038 903 fuerat,
1055 806 1207 906 adhaec,

141 960 157 993 «
172 954 252 1025 quae
268 927 385 1026 palam
404 940 598 1023 geruntur,
621 927 769 998 consilia
794 942 916 998 nostra
938 927 1210 1001 accommodare

143 1053 329 1139 «oportet.
357 1041 407 1109 Ac
431 1039 584 1123 scimus,
610 1043 759 1126 Persea,
778 1062 892 1135 regno
910 1053 1080 1137 accepto,
1098 1038 1144 1109 ad
1161 1041 1209 1112 le·

144 1167 274 1248 «gatos
295 1174 466 1222 romanos
489 1145 661 1235 venisse³,
681 1174 722 1220 ac
743 1173 865 1247 regem
887 1155 1014 1220 Persea
1030 1144 1211 1248 a'populo

145 1292 162 1326 u
176 1287 328 1334 romano
344 1260 564 1360 appellatum
580 1286 588 1329 :
608 1259 796 1344 audimus,
813 1261 949 1357 legatos
965 1283 1135 1330 romanos
1149 1283 1210 1330 ve-

145 1403 162 1438 «
176 1375 270 1444 nisse
289 1371 333 1443 ad
350 1396 493 1468 regem,
514 1385 550 1441 et
572 1395 634 1442 eos
653 1368 809 1467 benigne
827 1385 1008 1471 exceptos.
1030 1375 1113 1442 Haec
1129 1394 1210 1441 om-

146 1513 162 1546 «
178 1486 236 1555 nia
253 1485 350 1581 pacis
368 1481 536 1580 equidem
556 1485 656 1579 signa
674 1504 751 1553 esse
765 1481 907 1577 judicO,
928 1507 1003 1553 non
1025 1481 1125 1568 belli3
1142 1506 1211 1553 nec

147 1598 360 1664 «Romanos
377 1590 515 1664 offendi
533 1616 659 1690 posse,
677 1593 727 1678 si,
747 1607 789 1663 ut
806 1591 944 1663 bellum
967 1608 1132 1692 gerentes
1149 1617 1212 1664 eos

148 1704 320 1799 «sequuti
338 1727 480 1791 sumus,
498 1727 597 1774 nunc
614 1727 763 1801 quoquc
781 1704 879 1800 pacis
897 1717 1064 1775 auctores
1086 1727 1211 1802 sequa·

148 1843 164 1877 s<
177 1838 270 1884 mur.
290 1818 364 1885 Cur
381 1813 530 1910 quidem
548 1839 615 1884 nos
633 1810 851 1911 inexpiabile
866 1815 1029 1883 omnium
1046 1814 1114 1885 soli
1132 1814 1213 1908 bel-

148 1956 164 1990 «
179 1925 256 1996 lum
282 1922 451 1996 adversus
474 1949 628 2023 regnum
655 1923 894 1995 Macedonum
921 1947 1108 2018 geramus,
1136 1949 1212 1994 non

150 2034 295 2105 «video.
313 2037 523 2130 Opportuni
540 2035 809 2132 propinquitate
828 2035 904 2130 ipsa
920 2033 1140 2104 Macedoniae
1157 2058 1213 2106 su·

149 2174 166 2208 «
181 2147 297 2230 mus⁴;
312 2170 359 2215 an
374 2143 608 2218 infirmissimi
627 2145 808 2231 omnium,
828 2157 1017 2240 tanquam,
1037 2167 1130 2239 quos
1147 2169 1213 2214 nu·

149 2278 246 2351 «per
263 2252 432 2347 subjecit,
449 2254 634 2350 Dolopes?
652 2258 768 2323 Immo
787 2268 912 2324 contra
930 2278 989 2338 ea,
1008 2254 1065 2325 vel
1079 2253 1216 2324 viribus
1251 2290 1255 2299 ·

151 2393 167 2427 e
181 2364 331 2446 nostris,
359 2361 468 2434 deum
497 2361 740 2461 benignitate,
758 2363 815 2434 vel
845 2364 1004 2462 regionis
1026 2363 1216 2435 intervallo

151 2473 263 2543 «tuti.
294 2472 361 2544 Sed
390 2497 515 2544 sumus
541 2498 641 2570 teque
669 2471 821 2569 subjecti
847 2499 887 2544 ac
912 2470 1070 2546 Thessali
1092 2474 1217 2545 AEtoli-

152 2616 168 2649 «
183 2609 255 2682 que
266 2580 301 2672 ⁵3
320 2583 435 2655 nihilo
454 2584 535 2683 plus
552 2581 638 2656 fidei
656 2585 951 2683 auctoritatisque
968 2583 1144 2658 habemus
1157 2582 1219 2656 ad·

154 2721 310 2768 «versus
329 2702 527 2777 Romanos,
545 2695 608 2792 qui
627 2719 770 2793 semper
789 2696 877 2767 socii
897 2710 1006 2793 atque
1026 2697 1129 2766 amici
1150 2694 1219 2766 fui·

153 2837 170 2870 «
184 2830 284 2893 mus,
310 2831 420 2903 quam
441 2805 565 2893 AEtoli,
592 2806 657 2903 qui
677 2806 786 2905 paulo
807 2820 890 2877 ante
915 2804 1036 2875 hostes
1060 2803 1220 2874 fuerunt.

155 2916 294 3007 «Quod
314 2917 454 3002 AEtolis,
473 2915 574 3015 quod
592 2915 785 3003 Thessalis,
803 2915 902 3014 quod
922 2916 1098 3011 Epirotis,
1120 2915 1222 2984 omni

156 3058 172 3092 «
185 3027 344 3127 denique
367 3030 512 3101 Graeciae
535 3052 619 3100 cum
641 3024 902 3099 Macedonibus
921 3024 1013 3118 juris
1035 3039 1105 3110 est,
1126 3024 1222 3097 idem

155 3168 171 3203 «
186 3153 223 3209 et
240 3138 344 3212 nobis
360 3142 423 3213 sit:
443 3156 480 3212 et
497 3163 562 3212 cur
579 3135 806 3210 exsecrabilis
824 3136 891 3205 ista
906 3133 1012 3206 nobis
1026 3134 1111 3205 solis
1125 3134 1224 3206 velut

193 3342 217 3386 3.
234 3345 273 3388 Ac
283 3345 385 3400 scimus,
396 3347 497 3400 Persea,
509 3359 584 3406 regno
599 3357 668 3389 acce·
713 3339 815 3389 delenda
826 3357 853 3389 ea
867 3357 928 3399 vox,
941 3353 983 3389 aut
994 3342 1039 3404 leg.
1056 3340 1163 3389 Thessali
1173 3342 1225 3388 Do·

153 3428 212 3481 pto,
227 3419 372 3483 adlegatos
390 3438 506 3469 romanos
517 3420 627 3476 venisse3
641 3419 668 3467 itl
713 3421 837 3484 lopesque,
858 3431 900 3468 cut
916 3437 949 3471 ex
966 3436 1033 3483 seqq.
1052 3419 1225 3483 Epiroteequ05

157 3498 235 3546 nescit
245 3496 347 3546 historie
359 3499 434 3558 Livii,
442 3513 465 3548 et
472 3499 519 3564 Ieg.
531 3501 635 3555 Persea,
647 3513 668 3545 r.
714 3498 825 3546 Gronov.
836 3498 921 3546 Malim
937 3497 1045 3546 Thessali
1056 3497 1226 3562 Perrlioebique

158 3594 199 3635 ea,
213 3576 306 3642 legatos
318 3578 420 3625 Romam
432 3577 533 3633 mr'sisse,
546 3592 578 3623 ac
588 3590 669 3640 regem
713 3575 779 3642 (vide
793 3577 826 3623 ad
834 3578 965 3635 XXXIX,
975 3584 1010 3632 aa
1019 3576 1098 3641 seqq.)
1109 3586 1171 3634 ,aut
1181 3592 1226 3642 po·

159 3673 176 3703 a
188 3657 283 3721 populo
298 3672 401 3705 romano
418 3657 575 3721 appellatum.
588 3656 667 3704 Gron.
714 3657 763 3705 tius
776 3659 802 3705 Τ.
816 3657 958 3721 Boeoeique;
968 3655 1024 3703 vide
1039 3657 1071 3703 ad
1084 3657 1169 3715 XLII,
1186 3672 1226 3706 ra.

159 3737 347 3794 eontxmst
361 3747 422 3784 extr.
713 3762 749 3772 -
772 3737 893 3786 Caetemm
916 3737 1056 3792 Arconem,
1080 3747 1110 3783 nt
1131 3735 1228 3784 notavit

195 3823 220 3871 4.
249 3815 385 3880 Opportuni
406 3814 593 3879 propinquitate
615 3813 670 3879 ipssa
714 3815 847 3877 Doering.,
861 3831 906 3878 per
920 3830 948 3861 ee
968 3829 1024 3876 quae
1040 3814 1082 3862 hic
1098 3815 1174 3874 dicit,
1196 3814 1228 3862 ri-

159 3894 315 3942 Maeedonioe
325 3910 420 3951 sumus,
435 3906 464 3942 ut
480 3909 541 3942 mox
550 3893 672 3959 subjectie
714 3893 798 3943 dendo
808 3893 877 3956 quasi
890 3893 1039 3941 cornutium
1051 3894 1186 3957 intelligere
1196 3895 1228 3941 fa·

160 3972 217 4020 vide
226 3973 540 4034 ad1,54‚n.4;etVIl,
551 3975 633 4031 34,n.
645 3975 670 4022 3.
715 3973 761 4022 olle
776 3984 885 4038 apparet.
902 3974 993 4024 Censet
1003 3973 1069 4022 idem
1079 3989 1163 4022 rocem
1175 3973 1229 4021 steb-

160 4079 195 4088 -
205 4055 283 4101 Immo
294 4064 380 4101 contra
393 4070 437 4110 ea,
450 4063 498 4101 etc.
514 4052 568 4100 dele
581 4053 609 4104 τὸ
623 4069 668 4109 ea,
711 4053 782 4116 jecti,
798 4068 870 4116 quam
885 4055 983 4103 Cmver.
998 4053 1146 4118 respondere
1158 4064 1228 4117 putat

161 4143 202 4178 aut
219 4133 299 4180 scribe
314 4143 401 4180 contra
415 4132 486 4188 nime
498 4133 609 4179 Gronov.
622 4130 670 4180 Sed
715 4131 863 4196 precedenti
872 4132 1017 4196 opportuni,
1026 4131 1176 4178 referendam
1185 4149 1228 4197 po

161 4210 217 4258 vide
228 4211 260 4259 ad
274 4215 313 4272 II,
326 4213 376 4267 60,
389 4227 415 4260 n.
432 4228 453 4258 1.
716 4212 764 4259 tius
783 4210 814 4258 ed
832 4211 943 4274 proxime
964 4208 1142 4273 praecedentia:
1167 4227 1228 4274 qnos

198 4293 221 4338 5.
232 4292 282 4338 Sed
287 4308 367 4338 sumus
376 4307 447 4355 reque
453 4289 555 4355 subjecti
562 4305 593 4336 ac
605 4289 673 4338 Thes·
716 4306 793 4356 ηιφεν
801 4290 911 4355 subjecit.
921 4292 958 4338 De
968 4288 1015 4337 hoc
1024 4288 1080 4335 loco
1091 4288 1167 4337 maine
1180 4290 1231 4339 die.

162 4369 210 4417 sali
225 4371 364 4437 AEtolique:
377 4372 442 4420 nulla
457 4370 518 4418 ratio
535 4379 585 4425 eet,
598 4385 672 4432 quare
716 4363 785 4436 putat
800 4368 895 4416 Walcb.
910 4368 1010 4416 Emend.
1026 4367 1077 4413 Liv.
1093 4385 1118 4432 p.
1130 4376 1193 4429 247,
1204 4380 1230 4418 et

163 4448 203 4496 hie
214 4451 352 4499 AEtolorum
365 4451 458 4499 mentio
472 4448 528 4508 fiat,
537 4449 617 4512 itaque
629 4459 672 4496 eut
716 4466 762 4513 pro
775 4448 820 4497 sed
826 4462 917 4501 sumus,
932 4457 978 4495 etc.
995 4445 1069 4493 scribi
1079 4447 1133 4497 vult
1142 4447 1225 4507 sedile
