2722 5040
505 466 509 473 ,

166 778 228 881 tt
243 781 291 892 331:
402 800 554 866 trena
583 801 657 867 xe.
687 799 943 866 alexan.
1129 799 1199 895 467

142 920 290 993 aliorum
315 923 353 991 in
379 919 467 992 alios
491 944 696 1006 ramorum,
716 919 871 1017 perspici
891 918 1017 990 caelum
1038 921 1097 991 vix
1118 946 1201 1019 pos·

141 1042 236 1105 set²z
256 1047 299 1102 ut
315 1055 400 1101 vero
416 1032 512 1128 jugis
529 1028 888 1129 appropinquabant,
908 1030 1007 1127 quod
1027 1055 1147 1103 rarum
1163 1035 1201 1103 in

141 1141 214 1215 aliis
227 1141 318 1217 locis
334 1156 445 1226 esset,
464 1140 555 1211 adeo
570 1141 692 1210 omnia
708 1153 871 1210 contecta
884 1138 1033 1228 nebula,
1051 1156 1093 1212 ut
1106 1141 1202 1212 haud

140 1276 242 1325 secus
260 1275 368 1348 quam
387 1267 566 1321 nocturno
581 1251 706 1320 itinere
721 1247 1001 1345 impedirentur:
1022 1251 1127 1322 tertio
1143 1250 1204 1323 de·

141 1386 240 1437 mum
260 1360 319 1433 die
341 1362 385 1433 ad
406 1363 575 1432 verticem
595 1374 818 1457 perventum.
842 1358 940 1430 Nihil
960 1359 1110 1456 vulgata
1128 1363 1205 1459 opi-

142 1467 277 1559 uioni³,
296 1471 450 1568 degressi
468 1469 570 1555 inde,
591 1469 840 1552 detraxerunt3
862 1470 991 1565 magis,
1014 1470 1141 1557 credo,
1159 1497 1205 1542 ne

141 1583 276 1661 vanitas
292 1581 428 1652 itineris
447 1578 605 1651 ludibrio
624 1592 733 1666 esset,
746 1601 856 1674 quam
872 1578 974 1674 quod
993 1579 1132 1652 diversa
1149 1583 1206 1652 in-

141 1707 195 1763 ter
206 1716 245 1762 se
257 1691 370 1763 maria
382 1704 598 1787 montesque
614 1704 651 1760 et
665 1711 789 1759 amnes
802 1712 847 1758 ex
863 1712 936 1761 uno
950 1689 1033 1761 loco
1047 1693 1207 1789 conspici

141 1800 337 1898 potuerint.
355 1801 483 1872 Vexati
503 1822 630 1870 omnes
652 1813 690 1869 et
712 1812 794 1869 ante
821 1796 909 1868 alios
931 1823 993 1870 rex
1013 1800 1109 1896 ipse,
1129 1827 1207 1899 quo

141 1910 282 2008 gravior
309 1924 409 1980 aetate
436 1924 530 1996 erat,
557 1906 766 1997 difficultate
791 1907 855 1975 viae
877 1921 942 1977 est.
968 1907 1118 1981 Duabus
1139 1912 1209 1982 aris

141 2019 192 2093 ibi
206 2021 287 2091 lovi
302 2034 339 2090 et
355 2019 428 2091 soli
443 2019 587 2089 sacratis
604 2041 719 2113 quum
735 2015 972 2103 immolasset,
995 2043 1068 2113 qua
1086 2019 1208 2091 triduo

141 2129 373 2217 ascenderat,
400 2128 514 2200 biduo
548 2144 602 2199 est
629 2127 839 2224 degressus,
870 2124 1003 2223 frigora
1032 2144 1209 2202 nocturna

141 2243 295 2315 maxime
316 2256 502 2326 metuens,
527 2264 608 2336 quie,
628 2237 795 2311 caniculae
814 2252 898 2308 ortu
920 2236 1047 2309 similia
1065 2237 1210 2310 bmma-

141 2352 237 2431 libus
254 2366 366 2422 erant.
386 2351 509 2422 Multis
530 2373 675 2446 percos
695 2347 771 2419 dies
792 2345 1064 2421 difficultatibus
1082 2348 1207 2419 confli-

141 2479 280 2551 ctatus,
304 2461 417 2535 nihilo
442 2460 575 2531 laetiora
603 2461 638 2528 in
665 2460 789 2530 castris
808 2459 960 2543 invenit;
985 2457 1049 2529 ubi
1070 2483 1208 2531 summa

141 2574 292 2673 penuria
313 2587 405 2657 erat,
423 2586 464 2641 ut
487 2572 522 2639 in
543 2571 712 2666 regione,
733 2594 841 2665 quam
855 2567 901 2639 ab
922 2571 1021 2639 omni
1036 2585 1136 2667 parte
1153 2596 1209 2642 so-

141 2680 310 2756 litudines
339 2680 555 2752 clauderent.
589 2685 715 2776 Itaque
743 2705 858 2752 unum
884 2695 1023 2752 tantum
1048 2697 1208 2753 moratus

141 2792 254 2881 diem,
269 2792 399 2890 quietis
416 2814 544 2862 eorum
565 2815 689 2877 causa,
705 2815 797 2887 quos
811 2788 987 2863 habuerat
1000 2816 1141 2878 secum,
1157 2793 1209 2862 iti·
1315 2856 1321 2866 Χ

141 2927 227 2977 nere
246 2900 330 2973 inde
352 2899 458 2972 simili
477 2898 570 2997 lugae
586 2900 622 2969 in
639 2899 869 2971 Dentheletos
883 2903 1124 2972 transcurrite
1140 2907 1207 2972 So·

142 3012 188 3087 cii
205 3026 325 3096 erant;
346 3007 409 3081 sed
431 3025 581 3107 propter
601 3011 759 3108 inopiam
777 3009 877 3082 haud
897 3035 999 3082 secus
1018 3037 1127 3108 quam
1144 3011 1208 3082 ho·

142 3121 250 3193 stium
268 3119 359 3191 fines
379 3118 594 3191 Macedones
614 3119 776 3218 populati
790 3136 884 3192 sunt.
905 3121 1090 3219 Rapiendo
1110 3123 1206 3192 enim

142 3233 273 3331 passim
288 3228 387 3301 villus
403 3231 580 3327 primum,
599 3230 682 3301 dein
700 3230 875 3328 quosdam
894 3233 992 3301 vicos
1010 3234 1114 3302 etiam
1129 3257 1208 3303 eva·

142 3356 303 3426 starunt,
322 3366 396 3410 non
418 3342 494 3415 sine
518 3366 646 3437 magno
664 3340 805 3438 pudore
825 3344 935 3437 regis,
954 3367 1068 3438 quum
1088 3345 1204 3414 socio-

142 3476 224 3525 rum
233 3476 359 3533 voces,
372 3451 616 3547 nequidquam
627 3450 714 3522 deos
726 3451 872 3521 sociales
881 3475 1087 3549 nomenque
1099 3478 1204 3524 suurn

142 3562 376 3661 implorantes
386 3558 411 3644 ⁵,
428 3563 578 3632 audiret.
593 3567 787 3633 Frumento
802 3560 885 3630 iude
903 3560 1061 3649 sublato,
1077 3565 1114 3632 in
1130 3569 1206 3634 Mae

143 3671 259 3757 dicam
288 3697 493 3768 regressus,
525 3670 676 3754 urbem,
704 3695 811 3766 quam
840 3675 977 3741 Petram
1005 3673 1205 3770 appellant,

179 3912 202 3943 a.
216 3897 417 3960 Perspicicoelum
430 3898 477 3944 via
489 3909 581 3960 posset,
594 3914 654 3945 eon·
697 3919 748 3951 non
772 3916 872 3966 potest:
892 3916 916 3952 et
938 3921 997 3953 mox
1021 3907 1103 3955 Livius
1127 3924 1206 3971 regem

142 3975 205 4038 spici
215 3975 655 4040 perdensosarrnornrnraruos3Dra-
698 3983 779 4029 triduo
801 3984 964 4039 adscendisse,
980 3985 1053 4034 biduo
1072 3987 1206 4050 degressum

143 4055 217 4103 tenb.
232 4055 306 4103 Cons.
323 4055 538 4112 adxx11.6,n.
553 4066 576 4111 4.
592 4061 653 4104 Pro·
699 4062 773 4119 dicit,
783 4063 847 4109 Dult.

142 4134 204 4197 spici
218 4135 279 4181 Lov.
297 4148 307 4178 r
324 4145 347 4180 et
364 4135 386 4181 3.
404 4161 438 4169 —
457 4136 536 4182 Tertio
557 4138 654 4184 (ἰωιιιιηι
734 4142 1141 4206 3.Nr'lu'la·edgatoeopinioni,etc.
1153 4147 1207 4192 vide

143 4214 184 4263 die
204 4215 240 4262 ad
259 4215 375 4261 sertitem
394 4227 549 4278 perventum:
569 4219 652 4280 Sigon.
698 4222 730 4270 ad
740 4237 793 4284 cap.
806 4239 890 4275 ιω).
903 4239 928 4269 a.

144 4294 249 4357 piimum
271 4295 335 4341 diem
356 4294 484 4343 adscensus
500 4298 526 4343 in
548 4309 655 4346 montem
735 4309 759 4355 a.
773 4304 803 4348 ln
815 4301 968 4350 Dentheletos
981 4306 1140 4359 erans'cum't,¹
1153 4303 1208 4349 side

144 4385 298 4436 cumputat,
315 4390 365 4436 quo
381 4391 423 4420 rex
440 4376 471 4422 ad
486 4375 579 4424 fulices
591 4377 656 4425 illius
700 4380 731 4427 nd
743 4382 872 4441 xxxta,
883 4381 929 4438 53,
939 4399 964 4428 n.
977 4381 1000 4428 5.

146 4463 253 4498 moratus
273 4463 323 4500 est:
337 4453 380 4500 sed
395 4453 436 4500 hic
450 4455 513 4502 inter
529 4466 576 4502 tres
587 4455 656 4514 dies,
737 4458 760 4503 5.
773 4460 836 4505 Deos
849 4460 987 4506 socialius.
1001 4477 1020 4506 s.
1035 4460 1208 4522 irnplorantcs:

146 4529 235 4591 quibus
253 4541 359 4577 montem
376 4532 516 4588 adscendit,
536 4536 656 4583 numerati
702 4536 758 4583 vido
766 4537 796 4583 ad
810 4541 833 4591 l,
844 4536 890 4595 ⁴⁵,
902 4554 928 4584 u.
939 4539 962 4583 3.

1029 4624 1083 4690 ‘ss
1095 4673 1103 4685 .
