2722 5040
192 751 263 836 aas
627 750 665 816 r.
692 751 830 817 mvn
1106 731 1229 846 2533:

190 871 288 943 sules
305 873 491 940 venissent
512 872 603 936 Tum
625 869 859 966 imperamm,
882 885 941 960 ut,
958 870 1125 956 dimisso,
1143 895 1255 967 quem

193 980 383 1066 haberent,
397 981 574 1066 exercitu,
587 995 852 1051 reverterentur
863 987 1025 1052 Romam.
1035 984 1089 1050 De
1099 980 1150 1048 Ti.
1163 983 1257 1049 Sem

193 1093 311 1190 pronii
327 1089 459 1161 deinde
478 1093 636 1184 exercitu
658 1106 776 1161 actum
794 1108 857 1162 est.
877 1096 1015 1163 Novam
1031 1091 1210 1186 legionem
1223 1091 1257 1160 ei

193 1204 356 1299 quinque
373 1201 526 1272 millium
543 1216 579 1270 et
597 1200 835 1271 ducentorum
848 1201 1010 1299 peditum
1025 1224 1109 1271 cnm
1124 1199 1257 1296 equiti-

192 1310 261 1382 bus
283 1311 576 1408 quadringentis⁴
603 1311 770 1382 consules
794 1310 951 1382 scribere
968 1313 1076 1406 jussi,
1103 1327 1140 1382 et
1159 1309 1256 1380 mille

192 1436 362 1519 praeterea
386 1419 547 1519 peditum
568 1421 700 1491 civium
723 1446 978 1509 romanorum,
997 1422 1257 1518 quinquaginta

192 1531 350 1627 equites3
375 1547 412 1602 et
435 1533 540 1602 sociis
564 1556 584 1600 e
613 1534 759 1602 nomine
785 1533 896 1604 latino
919 1535 1095 1630 imperare
1119 1547 1257 1630 septem

193 1641 302 1711 millia
323 1641 503 1740 peditum,
527 1657 705 1713 trecentos
724 1644 873 1738 equites.
897 1645 989 1712 Cum
1008 1641 1078 1711 hoc
1098 1643 1257 1712 exercitu

194 1751 327 1850 placuit
345 1753 397 1823 ire
416 1754 452 1821 in
472 1752 676 1849 Hispaniam
695 1752 897 1822 citeriorem
918 1753 969 1821 Ti.
991 1752 1255 1849 Sempronium.

194 1864 238 1951 Q.
256 1861 381 1932 Fulvio
397 1863 630 1959 permissum,
648 1878 707 1949 ut,
722 1863 785 1958 qui
801 1862 948 1949 milites,
960 1877 1042 1932 ante
1056 1865 1115 1959 Sp.
1133 1865 1259 1931 Postu·

193 1974 329 2060 mium,
355 1975 398 2061 Q.
421 1973 595 2043 Marcium
616 1971 802 2057 consules,
830 1974 926 2042 cives
946 1972 1085 2041 romani
1105 1971 1258 2053 sociive,

194 2085 230 2152 in
255 2083 460 2180 Hispaniam
488 2084 717 2180 transportati
740 2097 879 2168 essent,
906 2097 941 2153 et
965 2096 1154 2179 praeterea,
1174 2105 1260 2178 sup·

195 2192 375 2290 plemento
394 2192 571 2279 adducto,
591 2208 682 2288 quot
700 2191 854 2289 amplius
875 2189 1016 2260 duabus
1039 2187 1259 2286 legionibus,

194 2328 303 2400 quam
321 2303 446 2374 decem
464 2303 573 2373 millia
596 2318 631 2372 et
652 2301 905 2398 quadringenti
923 2300 1080 2400 pedites,
1102 2300 1261 2370 sexcenti

193 2419 333 2513 equites
362 2431 499 2501 essent,
529 2431 565 2485 et
595 2415 733 2484 socium
758 2413 857 2483 latini
886 2414 1041 2483 nominis
1067 2409 1259 2482 duodecim

195 2522 340 2610 millia⁵,
360 2526 516 2595 sexcenti
532 2526 691 2621 equites,
711 2547 869 2620 quorum
884 2521 970 2592 lorti
987 2546 1097 2619 opera
1117 2520 1260 2591 duobus

194 2633 364 2704 adversus
378 2632 577 2704 Celtiberos
591 2632 721 2730 praeliis
735 2658 820 2703 usus
835 2637 879 2723 Q.
896 2632 1040 2702 Fulvius
1054 2646 1164 2716 esset,
1177 2656 1259 2718 eos,

195 2744 224 2813 si
242 2741 439 2829 videretur,
459 2767 579 2814 secum
602 2742 816 2841 deportaret.
835 2749 878 2814 Et
899 2743 1177 2840 supplicationes
1196 2742 1260 2812 de·

95 2908 100 2927 .
195 2867 319 2937 cretae,
341 2853 440 2949 quod
465 2856 494 2923 is
515 2878 687 2951 prospere
711 2853 971 2951 rempublicam
995 2850 1205 2948 gessisset⁶z
1225 2868 1261 2923 et

196 2964 312 3034 centeri
327 2979 496 3060 praetores
518 2965 553 3032 in
575 2965 774 3060 provincias
789 2964 896 3033 missi.
920 2965 963 3051 Q.
981 2961 1089 3032 Fabio
1107 2961 1260 3031 Buteoni

198 3089 429 3169 prorogatum
452 3076 487 3142 in
510 3072 623 3142 Gallia
643 3074 832 3170 imperium
845 3083 942 3141 'estt
971 3077 1064 3141 Octo
1086 3071 1260 3167 legiones,

198 3198 325 3279 praeter
353 3185 548 3254 exercitum
575 3198 751 3269 veterem,
776 3184 840 3277 qui
867 3184 901 3250 in
924 3180 1116 3278 Liguribus
1137 3183 1175 3249 in
1198 3205 1261 3278 spe

194 3400 278 3451 gatiam
291 3389 430 3452 imperium
443 3390 497 3436 vide
511 3389 541 3436 ad
557 3391 664 3446 xm,
680 3406 707 3451 ιι,
751 3389 815 3437 mine
823 3388 907 3435 latino.
919 3390 1003 3437 Multae
1013 3388 1179 3447 eddbabenr
1190 3399 1214 3434 et
1224 3404 1263 3434 so-

196 3485 221 3514 n.
235 3484 260 3515 a.
274 3496 307 3503 -—
319 3467 459 3515 Provincias
472 3469 594 3523 obtinere,
610 3480 706 3525 tenere,
751 3467 793 3514 ciis
803 3484 820 3512 a
830 3484 855 3515 n.
871 3468 903 3523 1,,
918 3467 1027 3535 plerique
1039 3469 1100 3514 MSS
1114 3478 1139 3512 et
1153 3466 1225 3513 sociis
1236 3482 1260 3512 rr.

198 3547 708 3606 hrbe1·e‚autrettnere;vidend111‚36,
752 3547 770 3593 Ι.
787 3545 885 3608 qnidam
905 3558 927 3593 et
945 3564 964 3594 s.
983 3563 1048 3593 nom.
1067 3548 1100 3601 1.,
1118 3562 1173 3607 quae
1192 3544 1260 3591 ordi-

198 3645 220 3675 n.
235 3644 280 3682 ια,
293 3638 317 3673 et
328 3628 430 3682 xxm,
442 3635 490 3683 πά,
501 3644 525 3674 n.
542 3644 565 3674 2.
752 3625 817 3671 naria
829 3613 860 3671 ac
867 3625 973 3672 solennia
983 3625 1086 3672 formula
1099 3637 1134 3671 est
1145 3648 1165 3670 ν.
1185 3622 1260 3671 urat.

232 3715 258 3762 4.
279 3705 338 3752 Cum
361 3705 480 3769 equitibus
504 3705 690 3769 quadringentis
697 3723 706 3759 ;
788 3704 811 3751 5.
821 3704 917 3752 Socium
925 3703 1165 3755 latiuinomiuisXII
1171 3703 1261 3762 millia,

198 3785 251 3832 vide
263 3785 294 3832 ad
307 3786 407 3843 xxm,
418 3785 466 3841 34,
480 3801 503 3831 n.
518 3800 541 3843 7.
551 3785 628 3830 —Et
636 3785 706 3831 sociis
751 3800 784 3829 se.
798 3782 921 3846 peditum3
934 3799 988 3846 quae
1000 3799 1050 3832 vox
1063 3783 1151 3846 Passim
1170 3782 1261 3831 omitti·

197 3881 209 3911 o
221 3863 319 3910 nomine
329 3863 405 3910 latmo
415 3881 423 3910 :
433 3887 445 3905 «ι
456 3864 538 3910 Livius
547 3878 598 3910 non
606 3862 665 3909 alibi
674 3864 707 3910 ita
751 3873 805 3920 tur3
820 3861 887 3908 verbi
901 3878 971 3909 enuit
979 3897 987 3921 ,
996 3864 1054 3919 XL,
1073 3863 1102 3909 18
1112 3896 1119 3921 ,
1130 3868 1178 3920 443
1191 3863 1261 3919 xit,

196 3944 312 4005 loquutur
321 3953 369 3999 ert,
379 3955 403 3989 et
412 3976 420 4000 ,
429 3943 449 3989 si
461 3943 534 3988 lectio
544 3942 648 4004 genuina
658 3954 706 3999 est,
755 3941 785 3986 15
794 3957 801 3997 ς
810 3940 884 3986 Drrk.

196 4020 257 4067 ordo
276 4020 402 4066 verborum
421 4022 466 4067 erit
484 4020 603 4083 imperare
613 4020 623 4084 (
633 4020 707 4084 pleri·
787 4020 811 4065 6.
823 4022 940 4082 Prospere
948 4020 1121 4082 rempublicam
1131 4021 1261 4085 gessisset,¹

195 4115 243 4162 que
256 4099 318 4145 MSS
329 4098 460 4162 imperari)
470 4100 542 4146 sociis
551 4111 643 4162 septem
655 4099 707 4147 mil·
752 4097 808 4144 vide
819 4097 850 4143 ad
859 4100 896 4152 11,
910 4100 957 4155 fit,
971 4115 996 4146 n.
1013 4100 1037 4145 3.

196 4180 230 4225 tia
245 4177 356 4241 peditum
372 4192 385 4222 e
401 4179 498 4224 nomine
514 4178 600 4224 latino.
620 4178 707 4225 Nullus
788 4193 811 4236 7.
833 4178 937 4224 Buteoni
950 4189 1113 4241 prorogatum
1131 4178 1156 4222 in
1177 4177 1262 4224 Gallia

196 4269 275 4304 tumen
288 4255 401 4303 codicum
415 4257 538 4317 vulgatum
552 4256 646 4312 firmat,
659 4258 705 4303 nisi
751 4257 876 4320 imperium
891 4269 942 4311 est,·
958 4258 989 4305 al.
1006 4258 1030 4304 in
1050 4257 1173 4313 Galliam,
1189 4257 1259 4320 prob.

197 4337 254 4383 lov.
272 4335 286 4381 5
301 4346 434 4398 perpetuus
451 4333 587 4380 editionum
600 4334 705 4396 assecla,
751 4337 835 4398 Sigon.
850 4335 930 4398 quiin
946 4337 995 4382 suis
1011 4336 1132 4382 veteribus
1150 4335 1218 4381 libris
1236 4353 1261 4382 se

196 4413 414 4476 uequementitnr
427 4411 626 4475 PighioinAnn.
640 4414 715 4463 adr.'
751 4414 813 4461 hane
833 4414 890 4461 lect.
912 4416 1028 4478 reperisse
1051 4414 1128 4462 dicit:
1150 4415 1191 4461 sed
1212 4413 1260 4462 vid.

195 4495 243 4552 573
256 4529 262 4553 ,
273 4509 328 4558 pag.
341 4495 406 4551 334,
421 4492 509 4555 lege-nti
520 4489 613 4539 esocri'i
627 4504 651 4539 et
664 4509 706 4541 uo·
752 4495 854 4552 ml,
873 4496 901 4542 18
914 4531 920 4553 ‚
934 4511 959 4541 n.
973 4497 995 4543 3.
1010 4497 1054 4544 En.

1154 4637 1169 4664 ‘a
