2722 5040
53 750 56 754 ’
153 789 222 886 594
575 791 612 856 r.
647 789 787 858 mvn

152 937 209 984 res
226 915 264 982 in
283 912 380 982 circo
391 921 418 996 ⁹,
435 922 472 979 et
490 932 558 979 ova
573 905 618 978 ad
637 922 739 978 notas
759 909 948 981 curriculis
968 916 1216 1001 numerandis,

152 1023 221 1095 et*
243 1022 347 1105 dam,
369 1034 405 1091 et
429 1033 543 1088 metas
562 1032 659 1088 trans
678 1017 693 1048 ⁸
712 1032 748 1088 et
770 1041 894 1090 caveas
912 1018 1045 1094 ferreas
1063 1029 1139 1122 pe*
1162 1028 1217 1096 in·

151 1131 470 1207 tramitterentur*
492 1127 617 1200 ferreis
636 1131 673 1199 in
693 1143 818 1200 monte
834 1129 974 1202 Albano
988 1135 1216 1220 consulibus,

151 1263 187 1318 et
203 1246 335 1317 clivum
352 1240 598 1340 Capitolinum
614 1239 711 1309 silice
728 1240 963 1312 sternendum
982 1261 1217 1331 curaverunt,

151 1374 187 1430 et
205 1359 386 1455 porticum
403 1352 448 1424 ab
466 1351 541 1424 aede
559 1352 704 1422 Saturni
719 1351 757 1420 in
774 1353 986 1449 Capitolium
1004 1354 1050 1425 ad
1068 1381 1217 1429 senacu-

151 1468 226 1541 lum
252 1493 292 1539 ac
316 1490 425 1563 super
443 1463 480 1534 id
498 1463 632 1534 curiam
646 1471 687 1529 ¹⁰.
710 1464 754 1532 Et
771 1477 870 1533 extra
889 1479 1029 1561 portam
1048 1470 1216 1563 Trigemi-

186 1701 211 1746 9.
229 1683 342 1729 Carceres
356 1679 381 1727 iu
395 1679 474 1735 circo,
486 1677 665 1726 dudumstatu·
705 1689 732 1724 ct
749 1691 825 1727 mctas
842 1681 881 1728 vel
900 1693 1018 1729 metarunt
1038 1685 1153 1734 transitus
1174 1703 1216 1736 ssu

150 1762 208 1824 tos(
218 1760 275 1808 vide
294 1758 325 1807 ad
337 1760 411 1815 VIII,
430 1773 477 1816 ιο,
489 1774 515 1804 ιι.
537 1773 547 1804 ι
560 1760 583 1820 ),
596 1772 664 1803 ιιιιιιο
684 1765 687 1773 “
706 1768 857 1808 transcursus
870 1761 980 1826 (circum
990 1777 1051 1825 quas
1063 1778 1149 1812 currus
1162 1782 1217 1831 age·

150 1841 273 1889 instinctas
294 1839 380 1898 fuisse,
404 1837 489 1889 scribit
506 1836 608 1884 Psnvin.
633 1834 663 1883 de
705 1834 866 1902 bantur),st
882 1855 968 1887 caveas
975 1839 1088 1905 ferreas,
1095 1860 1143 1907 per
1155 1863 1216 1909 quas

151 1922 213 1969 Iud.
228 1920 293 1971 Circ.
311 1920 353 1981 11,
367 1918 395 1977 5,
410 1928 434 1966 et
449 1918 544 1965 locatos
560 1916 662 1980 Bulcng.
706 1916 972 1984 tusculanarum
980 1921 1047 1970 Circi
1056 1937 1153 1971 emnem
1163 1922 1217 1989 )ss·

151 2000 181 2048 de
200 2001 274 2050 Circo
293 2001 366 2045 Rom.
388 1999 413 2053 1,
436 2012 477 2044 ιο.
494 1997 618 2046 Neutrum
632 2012 663 2043 ex
705 1998 841 2063 roe.(Cum
856 1998 962 2048 hisleris
973 2001 1138 2051 tumforteiu
1150 2004 1216 2052 οίιοο

151 2080 232 2128 verbls
243 2079 307 2127 Livii
320 2075 387 2125 effici
399 2086 493 2141 potest,
503 2088 527 2124 et
540 2076 612 2141 plane
624 2075 662 2122 in·
706 2077 816 2124 nondum
830 2076 1030 2142 depugnabatur3
1049 2082 1115 2128 conf.
1126 2084 1216 2143 xatv,

151 2171 244 2208 eertum
261 2169 309 2217 est,
328 2157 389 2220 quid
405 2155 447 2204 hic
471 2156 501 2204 de
526 2155 664 2204 cusoribus
709 2156 763 2221 ιθ).
780 2157 829 2204 Pro
840 2156 932 2222 ferreis
946 2159 1030 2222 Sigon.
1040 2158 1110 2223 legit.
1121 2160 1213 2226 seriis,

151 2239 210 2287 circi
233 2239 350 2301 scriptum
372 2236 462 2292 lucain
482 2235 547 2284 nuk.
564 2234 664 2284 Excidit
706 2250 740 2282 sc.
763 2234 871 2285 Latinis:
891 2236 934 2284 sed
956 2247 1035 2286 totum
1054 2238 1080 2287 h.
1099 2238 1117 2287 l.
1139 2241 1216 2288 sanari

151 2321 214 2366 forte
224 2315 411 2373 instaurandos,
426 2314 466 2361 vel
476 2314 561 2362 cultius
574 2330 664 2360 ornau-
706 2315 846 2375 conjectura
859 2332 911 2363 non
924 2332 996 2380 posse
1009 2329 1033 2366 et
1046 2319 1097 2381 ipss
1112 2320 1216 2379 fatetur,

152 2399 210 2453 dos,
220 2396 258 2443 vel
269 2394 346 2441 simile
360 2393 435 2456 quid,
445 2391 520 2439 Drak.
530 2419 565 2428 —
574 2394 608 2440 Et
617 2409 663 2439 ova
706 2405 731 2441 et
743 2394 808 2443 Dat.
819 2412 848 2442 ac
860 2394 934 2444 urat.

151 2477 188 2523 ad
207 2486 278 2521 notas
298 2471 424 2520 curriculis
442 2470 601 2518 ursmerandt‘s
616 2487 663 2534 pro
744 2488 783 2519 10.
793 2475 828 2521 Et
834 2474 958 2538 porticum
969 2476 1002 2523 ab
1014 2475 1068 2523 esde
1080 2478 1181 2525 Saturni
1191 2480 1217 2526 iu

151 2555 218 2615 vulg.
232 2551 397 2599 numerandas
408 2567 439 2598 ex
447 2548 542 2597 emend.
554 2549 663 2597 salmasii
707 2552 854 2617 Capitolium
862 2554 1059 2611 adseuaculum,
1072 2572 1104 2603 ac
1112 2559 1219 2620 supcrid

152 2633 184 2680 sd
199 2630 277 2681 Solin.
292 2645 347 2694 pag.
363 2633 427 2687 uso,
444 2629 488 2677 uhi
503 2639 528 2676 et
544 2627 596 2676 ltaec
610 2645 662 2676 mo·
705 2633 818 2690 curiam
836 2645 894 2681 nota
919 2634 1011 2681 nutert
1030 2645 1083 2682 est:
1107 2659 1119 2676 «ι
1131 2638 1217 2700 Neque

152 2724 208 2758 net:
229 2713 301 2758 “Ova
319 2709 360 2756 illa
373 2708 449 2756 veluti
468 2718 533 2755 notae
552 2709 663 2787 luepmt,
706 2709 772 2773 vulg.
795 2711 842 2766 ad,
863 2728 942 2775 neque
962 2713 1100 2761 emendatio
1126 2716 1217 2778 Ryckii

152 2791 241 2853 qraibus
258 2788 377 2837 curricula
391 2797 582 2835 numerarentur.
593 2793 663 2839 llost·
706 2787 737 2837 ds
750 2790 830 2854 Capit.
849 2807 903 2855 cap.
924 2792 973 2849 34,
994 2803 1018 2839 et
1033 2791 1072 2839 rel
1090 2793 1216 2841 aelorum

152 2864 186 2926 (Ιῆ
201 2866 408 2938 δημιουργήματα
421 2877 494 2914 vocat
506 2866 569 2928 Dio,
579 2868 604 2926 1,
617 2876 662 2932 49,
705 2867 795 2916 habere
806 2881 902 2934 potest,
919 2871 966 2917 nisi
981 2871 1136 2929 ostendatur,
1148 2873 1215 2935 qnod

153 2966 208 3013 pag.
221 2958 281 3010 417,
301 2948 406 2996 taurian
426 2944 543 3009 quasdam
561 2964 575 2993 e
592 2947 662 3010 ligno
705 2948 746 2995 ille
766 2951 880 3011 eonjlclt,
903 2951 1024 3014 primum,
1056 2951 1168 2998 senacula
1193 2963 1217 2997 et

153 3029 218 3077 ovali
229 3028 306 3091 figura
319 3029 394 3075 lactas
408 3042 464 3073 cum
475 3025 539 3084 basi,
549 3042 596 3088 qua
610 3026 661 3074 sisti
705 3028 799 3085 curias,
810 3044 879 3092 uque
889 3047 917 3077 ac
928 3031 1054 3094 porticus,
1063 3030 1130 3078 silice
1142 3033 1215 3077 sterni

153 3120 253 3173 possent
263 3119 288 3155 et
297 3107 459 3169 srigi.Varto,
468 3105 538 3168 Ling.
547 3105 589 3152 lst.
599 3108 610 3153 I
620 3141 627 3165 ‚
639 3121 662 3163 a,
705 3107 872 3165 consuevisse,
890 3107 978 3156 deiude
999 3109 1024 3155 iu
1040 3109 1164 3172 Capitolio
1179 3126 1218 3156 se-

151 3199 203 3236 not.
223 3204 267 3244 ιι,
286 3200 344 3234 uam
362 3202 412 3233 nou
426 3184 499 3232 motio
519 3201 589 3232 ovuus
601 3185 664 3233 illud
704 3185 829 3254 naculum,
851 3197 877 3233 et
893 3202 967 3249 snper
986 3186 1012 3234 id
1026 3188 1118 3234 curiam
1135 3189 1215 3235 luisse.

152 3269 273 3317 sublamm
291 3279 340 3324 est,
354 3265 423 3330 quod
439 3265 501 3313 ludis
515 3265 662 3314 Circensibus
704 3267 819 3313 Senatum
842 3265 942 3329 quidem
963 3282 1027 3332 saepe
1048 3268 1074 3312 in
1092 3267 1217 3330 Capitolio

152 3345 275 3394 nouissimi
286 3345 401 3391 curriculi
403 3344 484 3411 finem
488 3343 556 3408 facit
565 3345 663 3408 quadri·
703 3344 813 3392 habitum
835 3343 909 3392 tuisse
923 3344 1041 3408 legimus,
1061 3344 1147 3392 sedin
1165 3346 1216 3393 sede

149 3425 196 3488 gis.
207 3424 469 3478 Cassiodorus.Variar.
477 3426 531 3482 III,
544 3426 585 3482 51,
595 3424 664 3488 qrtod
704 3424 807 3485 alicujus
820 3424 875 3482 dei,
891 3440 942 3472 non
958 3425 984 3471 in
996 3425 1062 3472 euris
1076 3426 1103 3471 in
1118 3425 1216 3487 Capito·

152 3516 271 3551 metarum
287 3503 400 3551 circuitus
416 3519 513 3549 ovorum
529 3504 662 3567 exemptio·
704 3504 747 3551 lio.
764 3504 839 3566 Quod
853 3504 964 3568 Ryelsins
978 3504 1018 3552 hic
1037 3504 1131 3550 cranam
1145 3504 1218 3550 Cala·

152 3583 222 3629 nibus
245 3582 405 3646 exprimatur.
425 3583 461 3627 Ex
482 3581 520 3627 his
542 3597 658 3644 auguror,
705 3583 774 3630 brom
787 3584 813 3629 in
823 3584 948 3648 Capitolio
959 3581 1214 3645 intelligit,rationsm

152 3675 244 3726 septem
257 3679 303 3711 ovs
315 3673 353 3710 tot
364 3675 466 3708 numeru
475 3671 564 3708 statuta
578 3663 661 3721 luisse,
704 3662 809 3725 aliquam
823 3662 936 3713 haberet.
958 3662 978 3707 si
993 3668 1129 3715 constaret,
1144 3659 1170 3705 in
1189 3678 1217 3707 ea

152 3743 344 3804 quotcumiculs
355 3754 423 3790 erant
435 3738 661 3805 peragenda(conl.
705 3740 742 3786 his
761 3741 913 3805 temporibus
926 3753 1034 3802 unquam
1052 3747 1160 3785 senatum
1173 3738 1217 3785 ha-

152 3821 215 3869 Gcll.
237 3825 286 3880 III,
315 3839 360 3880 ιο,
382 3824 437 3870 Seu.
460 3822 506 3884 Ep.
530 3829 561 3879 43
580 3821 659 3885 intpp.
705 3821 783 3867 bitum
796 3820 878 3868 fuisse.
896 3822 926 3865 In
941 3819 1007 3865 euris
1025 3817 1125 3867 Calabra
1138 3833 1216 3865 mero
1268 3864 1271 3869 ,

150 3901 226 3962 Prop.
238 3901 276 3960 tt,
289 3902 332 3954 ss.
344 3902 416 3958 26,et
426 3903 491 3948 Suet.
507 3901 600 3948 Domit.
610 3907 624 3954 t
635 3900 659 3964 ):
706 3915 757 3946 sum
768 3910 861 3947 tanturn
875 3897 1045 3960 singularium,
1058 3906 1083 3942 et
1093 3897 1216 3960 praecipue

150 3977 230 4039 primo
240 3980 482 4043 curriculoperscto,
495 3995 571 4026 unum
585 3994 659 4027 osum
704 3991 760 4026 ante
777 3980 849 4026 fastos
868 3993 881 4023 s
897 3979 943 4026 Cn.
962 3975 1044 4021 Flavlo
1062 3974 1217 4038 publicatos,

149 4072 162 4111 e
181 4056 262 4103 medio
284 4059 415 4107 tollsbatur
433 4061 478 4123 (ut
496 4059 537 4105 alii
557 4070 658 4123 putant,
703 4058 871 4115 rstiohabita3
883 4056 935 4103 vid.
947 4054 1057 4103 Macrob.
1072 4058 1121 4101 Sat.
1133 4059 1155 4112 I,
1172 4056 1214 4104 15:

45 4183 51 4199 Ι
148 4135 355 4199 apponebatur);
369 4138 477 4186 secundo
507 4140 572 4185 facto
598 4140 658 4187 alte·
703 4141 770 4186 Serv.
779 4136 810 4184 sd
818 4135 907 4199 Virgil.
917 4137 972 4183 AEn.
983 4135 1053 4188 vttt,
1065 4134 1131 4188 654³
1144 4137 1214 4181 Vm·

147 4215 265 4262 murzita
284 4213 455 4277 dereliquite.»
468 4217 539 4265 Cous.
556 4217 657 4265 Tertull.
704 4218 771 4280 Llng.
790 4217 831 4264 lst.
852 4216 895 4262 lib.
907 4216 940 4271 V,
958 4229 1013 4276 pag.
1037 4222 1083 4274 49,
1108 4225 1131 4260 et
1152 4217 1213 4262 Fest.

147 4293 298 4358 deSpsotsc.
311 4297 335 4343 8.
347 4321 382 4330 -
394 4297 454 4342 Mox
465 4313 549 4344 ornnes
560 4299 658 4346 hcunas
701 4298 817 4344 Praeterea
833 4296 926 4343 nullum
946 4310 977 4341 ex
991 4293 1068 4340 tribus
1081 4293 1215 4347 cenaculis,

146 4375 207 4420 male
226 4375 258 4422 its
283 4375 384 4438 explent
407 4375 508 4436 Bnleug.
532 4378 561 4422 de
584 4379 656 4427 Circo
702 4390 756 4439 qnae
775 4377 861 4423 Romae
878 4375 952 4422 fuisse
969 4379 1052 4421 Festus
1071 4373 1169 4430 scubit,
1187 4374 1213 4419 in

144 4453 216 4499 Rom.
239 4455 266 4510 1,
289 4466 377 4517 19,es
395 4455 471 4502 Marc.
491 4456 618 4503 Donatus:
633 4469 656 4504 et
701 4455 825 4520 Capitolio
839 4455 895 4502 tuit.
908 4456 982 4516 Quod
994 4471 1050 4502 vero
1061 4453 1214 4501 Menstruus

144 4529 245 4577 raedam
257 4531 267 4596 (
279 4548 377 4593 eunus,
391 4533 459 4597 bigas
471 4544 496 4582 et
506 4535 652 4598 quadrigas)
699 4535 766 4599 apud
782 4540 844 4583 Fert.
858 4536 969 4582 senacula
985 4535 1045 4582 dicit
1058 4535 1130 4582 luisse
1142 4534 1210 4590 locs,
