2722 5040
146 774 213 847 502
571 779 610 844 r.
644 778 784 846 mvn
1059 755 1183 872 tntu:

142 895 395 980 deserendam,
410 912 477 965 aut
480 903 710 993 provinciam
723 896 984 966 dimittendam.
1002 900 1047 987 Q.
1063 899 1211 971 Fulvius

143 1007 288 1077 Flaccus
311 1031 355 1076 ex
377 1006 546 1104 Hispania
568 1006 675 1077 rediit
701 1011 852 1077 Romam
870 1030 953 1076 cum
974 1030 1104 1104 magna
1117 1005 1213 1079 fama

144 1132 322 1213 gestarum
350 1141 482 1188 rerum.
512 1118 584 1208 Qui
610 1142 724 1215 quum
749 1131 849 1188 extra
874 1115 1010 1188 Urbem
1036 1116 1212 1215 triumphi

146 1239 274 1297 causa²
291 1243 402 1313 esset,
425 1228 551 1299 consul
575 1243 628 1298 est
650 1243 790 1299 creatus
812 1252 894 1298 cum
914 1231 955 1298 L.
975 1228 1111 1299 Manlio
1128 1228 1212 1299 Aei-

145 1338 231 1408 ‹lino
242 1335 276 1424 ³3
291 1354 327 1410 et
340 1355 422 1436 post
435 1363 569 1437 paucos
583 1337 658 1410 dies
672 1364 756 1410 cum
773 1337 964 1425 militibus,
979 1362 1073 1435 quos
1088 1362 1210 1410 secum

144 1447 361 1534 deduxerat,
378 1449 603 1547 triumphans
623 1448 757 1521 Urbem
783 1465 838 1521 est
858 1451 1030 1520 invectus.
1055 1448 1154 1520 Tulit
1173 1449 1211 1519 in

146 1558 331 1656 triumpho
364 1583 515 1631 coronas
551 1585 675 1632 aureus
703 1574 847 1632 centum
876 1559 1000 1656 viginti
1030 1572 1211 1654 quatu0r;

144 1683 315 1765 praterea
332 1668 553 1768 auripondo
569 1671 712 1768 triginta
730 1694 865 1753 unum,
885 1684 921 1739 et
939 1669 1066 1765 signati
1081 1673 1213 1740 Oscen-

146 1781 215 1851 sisl
233 1806 423 1852 nummum
446 1797 592 1853 centum
613 1783 836 1879 septuaginta
863 1781 929 1850 tria
949 1778 1063 1849 millia
1080 1777 1212 1851 duceu-

147 1904 212 1959 tos.
235 1890 409 1962 Militibus
426 1891 471 1963 de
488 1891 608 1990 prada
625 1894 900 1989 quinquagenos
915 1890 1078 1960 denarios
1093 1887 1212 1975 dedit,

149 1999 283 2098 duplex
304 2002 597 2090 centurionibus,
616 2004 746 2102 triplex
765 2002 894 2098 equiti,
916 2000 1141 2072 tantumdem
1156 2022 1212 2071 so·

148 2111 211 2181 ciis
229 2110 327 2182 latini
343 2115 522 2201 nominis,
538 2130 574 2185 et
591 2113 810 2212 stipendium
828 2111 998 2184 omnibus
1016 2111 1153 2208 duplex
1163 2107 1188 2181 ⁵.

197 2226 320 2293 XLIV.
345 2228 398 2294 Eo
412 2248 508 2294 anuo
521 2227 659 2321 rogatio
673 2227 828 2322 primum
847 2222 915 2293 lata
927 2235 980 2292 est
994 2220 1039 2291 ab
1055 2226 1093 2290 L.
1107 2220 1213 2291 Villio

150 2331 298 2402 tribuno
316 2332 453 2431 plebis,
476 2350 566 2431 quot
584 2345 717 2405 ann0s¹
743 2333 816 2404 uati
831 2354 1014 2428 quemque
1030 2330 1214 2426 magistra·

151 2457 226 2512 tum
255 2458 419 2541 peterent
445 2459 696 2543 cuperentque.
725 2441 814 2514 Inde
846 2465 1049 2538 cognomen
1076 2437 1215 2510 familiae

152 2550 325 2635 inditum,
344 2569 385 2624 ut
404 2555 558 2626 Annales
575 2555 850 2653 appellarentur.
872 2557 1042 2622 Praetores
1058 2565 1216 2646 quatuor

150 2675 232 2756 post
258 2663 391 2734 multos
417 2689 532 2734 anuos
560 2663 636 2763 lege
661 2664 779 2735 Baebia
803 2663 946 2747 create,
972 2678 1052 2756 quae
1071 2658 1216 2730 alteruis

152 2937 279 2986 serendam
293 2955 325 2986 ex
344 2939 438 2987 emend.
458 2940 543 3002 Sigon.
563 2956 608 3003 pro
623 2940 662 2988 de·
743 2934 1041 3001 5.Stipendiumomnibus
1049 2930 1216 2997 duplewid.

147 3017 310 3081 studendum.
706 3017 835 3074 XXXlX,
848 3033 878 3075 7,
892 3031 917 3062 n.
931 3030 955 3061 a.

190 3113 215 3146 a.
228 3098 311 3144 Extra
332 3096 418 3143 Urbem
435 3095 552 3161 triumphi
569 3113 661 3155 carisa,
743 3099 804 3146 Car.
818 3096 907 3143 XLIV.
928 3109 950 3140 r.
973 3094 1011 3139 Eo
1035 3109 1103 3138 anno
1122 3090 1217 3157 rogatio

154 3190 201 3226 etc.
219 3169 275 3224 v'ide
290 3175 321 3223 ad
336 3176 437 3236 XXVI,
454 3192 496 3236 ur,
515 3193 540 3224 n.
559 3193 581 3224 1.
593 3179 664 3226 Tem·
703 3176 810 3241 primum
819 3174 872 3221 lata
883 3173 961 3244 estqb
975 3175 1002 3220 L.
1016 3170 1090 3218 Villio
1102 3170 1158 3218 trib.
1166 3169 1216 3235 pt,

154 3273 214 3322 pore
233 3257 285 3305 Jul.
308 3258 408 3306 Caesaris
431 3257 457 3306 id
485 3276 536 3307 nou
562 3259 663 3317 licebat3
708 3267 871 3320 quotannos,
886 3263 932 3300 etc.
948 3251 1218 3310 vid.XXV,a,n.t.

155 3335 278 3384 Drakenb.
292 3336 363 3384 conf.
374 3338 442 3386 Suet.
455 3338 516 3387 Caes.
531 3341 574 3400 18,
586 3351 610 3386 et
623 3339 667 3387 len
745 3350 770 3381 a.
791 3335 910 3378 Prertores
930 3337 1038 3393 quatuor
1053 3340 1114 3392 post
1133 3327 1224 3375 multas.

157 3415 224 3481 apud
235 3415 300 3463 Plut.
312 3417 373 3465 Ces.
384 3432 439 3481 pag.
453 3419 511 3479 713.
708 3429 787 3461 annos
799 3412 851 3475 lege
866 3408 950 3456 Batia
965 3408 1014 3473 (al.
1033 3408 1117 3455 Boebia
1126 3406 1136 3471 )
1145 3402 1220 3454 mati

193 3496 218 3543 3.
241 3494 331 3542 Consul
349 3507 386 3541 est
404 3507 499 3543 creante
515 3498 547 3558 Q.
566 3495 665 3543 Fulvius
709 3491 773 3559 (sed
781 3490 829 3538 boc
838 3501 931 3538 tautum
940 3503 1020 3536 auno:
1032 3503 1088 3534 nam
1101 3485 1219 3551 proximis

156 3574 255 3621 Flaccus
266 3588 320 3620 cum
334 3575 361 3619 L.
379 3573 473 3622 Manlio
487 3574 607 3631 Acidino,
620 3575 675 3621 fra·'
709 3572 779 3619 anuis
802 3587 846 3619 sex
872 3579 967 3617 creatos
988 3568 1062 3616 luisse
1082 3562 1219 3630 legimns),

158 3655 193 3700 fre
204 3668 335 3716 germano3
346 3653 469 3701 viuvell.
479 3657 572 3703 Patere.
584 3656 624 3712 11,
636 3655 665 3711 8,
709 3667 765 3716 qna·
786 3648 886 3697 alternis
902 3648 972 3695 annis
992 3658 1103 3711 quatuor
1122 3643 1220 3708 piebem

157 3744 182 3780 et
192 3733 255 3779 Fasti
267 3732 412 3796 Capitolini.
710 3728 803 3785 creari,
819 3730 881 3775 sorte
898 3725 966 3790 quod
980 3737 1037 3789 post
1050 3743 1073 3772 ι.
1090 3725 1142 3772 560
1162 3722 1221 3771 duo-

193 3819 217 3866 t.
226 3810 323 3873 Septimi
334 3809 442 3858 Oscensis
450 3810 559 3875 argenti(
569 3810 626 3858 vide
635 3810 666 3858 ad
710 3808 756 3855 bus
766 3806 912 3872 pratoribns
929 3805 1102 3869 Hispaniarum
1112 3816 1222 3867 semper,

158 3889 282 3946 XXXIV,
297 3905 340 3946 10,
354 3905 380 3936 n.
394 3888 443 3954 a),
456 3889 503 3936 nisi
515 3889 611 3954 argenti
618 3889 666 3954 leg.
710 3898 814 3951 excepto
837 3886 942 3934 triennio
969 3884 1028 3931 belli
1052 3899 1109 3931 cum
1134 3884 1222 3930 Perseo

157 3983 204 4031 pro
214 3965 313 4031 squali.
329 3994 363 4003 -
378 3969 488 4025 Nummi,
500 3969 552 4015 sive
564 3968 666 4016 sestertii
711 3967 772 4031 gesti
782 3966 792 4030 (
802 3966 858 4013 ride
873 3964 904 4012 ud
919 3965 998 4022 XLV,
1015 3963 1045 4010 16
1057 3963 1080 4027 ),
1093 3963 1120 4010 in
1132 3974 1221 4008 annun

160 4047 270 4105 173,aoo
282 4047 369 4092 marris
381 4048 473 4109 argenti
483 4049 532 4106 675
544 4048 665 4097 aCrever.
710 4056 868 4111 prorogatum
886 4057 922 4092 est
938 4043 1082 4108 imperinm:
1101 4041 1135 4089 ob
1151 4055 1222 4105 quam

158 4123 344 4188 aequiparantur.
359 4125 434 4171 Paulo
447 4138 504 4173 ante
516 4127 574 4174 artri
581 4126 666 4190 pondo
711 4141 806 4173 eausam
828 4124 885 4171 satis
906 4135 957 4171 erat
974 4123 1072 4170 alternis
1087 4120 1160 4169 aunis
1174 4129 1224 4168 tan·

158 4201 259 4267 triginta
277 4217 351 4248 unum
372 4201 437 4249 idem
459 4205 560 4252 aestimat
582 4207 668 4253 marcis
712 4215 763 4251 tum
776 4213 881 4268 quatuor
898 4214 1015 4267 pretores
1028 4200 1118 4258 creari;
1131 4198 1223 4248 Duker.

158 4279 307 4330 nostratibus
319 4281 363 4335 48.
376 4281 454 4328 unciis
465 4283 495 4340 3,
509 4283 630 4333 semuncia
642 4299 666 4333 r.
712 4285 764 4330 Lex
771 4283 823 4346 ipsa
839 4298 852 4329 a
868 4282 903 4329 M.
915 4280 998 4328 Baebio
1009 4291 1115 4346 pretore
1126 4295 1148 4326 a.
1162 4277 1224 4327 Urb.

159 4362 222 4408 Mox
237 4375 295 4406 vero
311 4359 492 4423 quinquagenos
509 4360 621 4408 demerim
634 4364 668 4410 ait
714 4363 764 4409 560
773 4361 821 4409 lata
832 4361 905 4408 fuisse
915 4371 1028 4423 putatur,
1038 4359 1081 4406 sed
1091 4359 1172 4406 statim
1183 4355 1226 4405 ob-

160 4437 255 4487 efficere
266 4437 349 4485 uncias
358 4438 451 4500 argenti
461 4437 477 4484 6
487 4454 540 4486 cnm
551 4439 629 4499 binis,
641 4454 669 4490 ut
712 4441 827 4488 solevisse
837 4441 846 4504 (
856 4456 912 4487 nam
925 4438 956 4486 ab
971 4439 1014 4486 illo
1030 4454 1096 4486 anno
1112 4438 1145 4486 ad
1159 4437 1225 4484 bunc

160 4530 264 4578 somni,
278 4517 429 4582 grossis-En.
714 4535 808 4583 semper
830 4535 873 4567 sex
897 4529 1014 4583 prtetores
1037 4519 1110 4566 ercan
1132 4514 1227 4580 sunt),
