2722 5040
183 774 306 889 3:523:
451 795 601 863 menn
632 796 711 862 ιιι.
740 796 844 863 clu
871 797 915 861 x.
1149 790 1220 876 443

157 917 364 989 «crationes
390 931 480 1003 tuae,
508 914 672 987 discerne
698 931 734 987 et
760 915 895 1013 dispice
918 914 1163 986 insidiatorem
1186 929 1222 985 et

157 1024 343 1122 «petitum
363 1022 517 1095 insidiis:
538 1026 687 1096 noxium
707 1026 843 1096 incesse
863 1039 971 1123 caput
983 1035 1009 1093 ².
1033 1026 1106 1115 Qui
1125 1026 1220 1099 occi-

156 1157 291 1204 ‹surus
302 1131 688 1222 fratrem,fuit,habeat
700 1136 805 1206 etiam
816 1137 925 1206 iratos
933 1149 1104 1233 paternos
1116 1135 1216 1206 deos:

155 1273 172 1308 «
186 1245 251 1343 qui
262 1246 446 1343 periturus
461 1242 621 1316 fraterno
635 1247 767 1319 scelere
784 1244 873 1333 fuit,
889 1244 1095 1344 perfugium
1110 1247 1147 1314 in
1161 1269 1221 1343 pa·

155 1356 249 1426 «tris
275 1353 519 1425 misericordia
541 1370 577 1426 et
595 1356 732 1452 justitia
754 1355 897 1429 habeat.
923 1358 1007 1446 Quo
1031 1357 1126 1426 enim
1151 1355 1220 1425 alio

155 1464 409 1564 «confugiam,
436 1468 493 1537 cui
517 1492 593 1537 non
613 1468 763 1562 solenne
782 1467 927 1540 lustrale
950 1468 1127 1538 exercitus
1146 1467 1219 1553 tui,

153 1602 259 1648 «nou
284 1577 457 1649 decursus
480 1575 674 1666 militum³,
697 1602 772 1648 non
803 1577 953 1664 domus,
979 1602 1055 1648 non
1080 1574 1218 1674 epulae,

153 1713 258 1759 «non
280 1713 373 1776 nox,
391 1687 436 1758 ad
455 1688 617 1785 quietem
636 1688 717 1759 data
735 1703 872 1759 naturae
889 1685 1069 1758 beneficio
1087 1698 1219 1756 morta·

152 1910 176 1947 et
188 1899 353 1948 insidiatores.
368 1899 441 1948 Cont'.
454 1899 486 1947 sd
498 1901 523 1958 I,
535 1900 584 1961 59,
597 1915 623 1946 n.
638 1901 663 1946 8.
707 1915 761 1948 cere
777 1900 825 1957 Ite,
839 1899 876 1947 uti
893 1897 941 1945 hoc
955 1898 1027 1954 loco,
1043 1899 1108 1946 inter
1118 1914 1145 1944 se
1158 1912 1218 1945 con·

150 2004 185 2014 —
196 1979 274 2027 Coecoe
283 1978 475 2034 exsecrationes,
485 1988 573 2025 temere
585 1981 609 2025 et
619 1993 663 2024 cae-
703 1978 775 2042 jungi
786 1993 857 2043 posse
867 1987 937 2041 puto.
950 1977 1005 2023 Jnm
1015 1992 1073 2023 vero
1089 1992 1164 2038 quum
1174 1991 1217 2022 co-

151 2073 181 2106 co
190 2061 260 2122 qussi
271 2061 365 2124 impetn
374 2059 513 2122 effectuque
525 2057 599 2106 animi
612 2057 662 2105 edi·
705 2057 763 2122 puls
772 2069 796 2104 et
804 2067 862 2121 poet
870 2055 979 2104 discerne
987 2057 1014 2103 in
1021 2054 1135 2102 omnibns
1142 2054 1216 2102 codd.

151 2139 661 2198 toesencfl'tssae3velvense‚ittnnes,imi-
705 2136 771 2201 apud
790 2135 864 2185 nuk.
887 2137 999 2197 exsulet,
1018 2152 1105 2182 vocem
1127 2134 1218 2196 dispice

150 2229 195 2275 tc,
204 2219 257 2266 sine
268 2219 367 2267 effectu.
379 2220 454 2268 cont.
465 2221 548 2284 IIeyn.
558 2218 660 2281 stirg.
703 2217 761 2264 sede
775 2233 818 2264 sus
829 2226 918 2263 motem
932 2232 983 2263 esse
997 2216 1117 2278 suspicor.
1132 2216 1216 2276 Itaque

151 2299 204 2347 AEn.
213 2301 259 2357 IV,
269 2315 329 2363 ²09·
704 2295 744 2343 hic
758 2296 827 2361 Iocus
843 2295 903 2342 milii
918 2295 1036 2359 legendus
1050 2294 1148 2341 videtur
1165 2293 1215 2340 sic:

183 2394 209 2427 n.
220 2378 331 2427 Nonium
340 2378 430 2426 incesse
438 2389 526 2442 caput,
537 2377 590 2426 scil.
601 2376 660 2424 diris
703 2375 812 2423 discerne
828 2374 996 2423 insidiatorem
1009 2387 1032 2421 et
1038 2373 1142 2439 petitum
1157 2371 1215 2420 insi-

149 2458 358 2507 exsecrstionibus
370 2458 414 2523 (nt
422 2457 489 2522 spud
497 2460 564 2506 Suet.
572 2455 659 2505 Claud.
703 2455 767 2512 dtis,-
779 2454 883 2520 dispice,
892 2455 994 2502 noxium
1004 2454 1060 2501 duic
1073 2468 1123 2500 esse
1132 2463 1214 2516 caput.

152 2553 181 2584 sn
192 2535 215 2600 ),
230 2554 244 2585 e
260 2539 326 2599 conj.
341 2537 439 2585 Ruben.
457 2537 592 2601 recepimus
612 2553 658 2601 pro
703 2536 825 2592 Nonium,
839 2535 923 2584 sceleri
941 2536 1063 2602 expiando
1077 2533 1214 2583 obnoxium

148 2614 213 2681 vulg.
233 2616 337 2664 noxium
359 2615 415 2664 huic
432 2633 482 2664 esse
500 2628 586 2680 capnt,
604 2632 659 2679 quae
702 2627 726 2663 et
741 2615 886 2679 obIIgstum3
898 2616 967 2674 huic,
979 2627 1101 2664 oratorem
1111 2612 1214 2678 digitum

148 2708 263 2762 compta
275 2713 327 2746 esse
340 2708 421 2762 patet,
434 2708 458 2745 et
467 2713 572 2761 quorum
582 2698 609 2744 in
621 2698 659 2745 lo·
702 2695 729 2743 In
741 2696 853 2755 fratrem,
863 2698 906 2760 qni
917 2697 1013 2756 aderet,
1024 2695 1157 2744 intendisse
1167 2710 1211 2758 pu·

148 2776 315 2840 cumquidsm
333 2777 396 2826 MSS
407 2794 432 2824 n.
445 2777 502 2824 ltine
511 2792 561 2824 esse
569 2792 589 2824 c.
600 2776 659 2824 sub·
702 2786 757 2823 tan.
768 2775 894 2824 Wnlchius
905 2794 978 2837 vero,
990 2779 1042 2825 Em.
1052 2777 1104 2825 Liv.
1115 2793 1139 2840 p.
1155 2781 1212 2831 sos,

147 2855 260 2906 stimant.
269 2855 501 2904 Noniumftuicesto
511 2857 657 2920 caputcouj.
703 2855 774 2902 unice
791 2855 838 2903 elbi
850 2856 945 2920 placere
962 2857 997 2908 sit
1011 2855 1117 2904 Rubenii
1134 2869 1215 2900 emen·

147 2933 218 2983 Grnt.
241 2935 345 2984 noxium
365 2933 659 3000 ftis(exseccsti0nibns)
703 2933 842 2996 dationem,
855 2937 898 2984 sed
915 2952 970 2999 quae
987 2936 1136 2983 senstIoncm
1152 2933 1213 2980 inci-

147 3012 237 3063 incesse
247 3027 323 3079 caput
334 3016 432 3064 Crever.
444 3014 468 3062 in
479 3014 580 3062 noxium
591 3030 659 3062 exse·
701 3015 768 3078 pist,
779 3031 830 3063 non
841 3014 960 3081 perficiet.
967 3016 1097 3078 «Vestigia,
1105 3014 1147 3068 sit,
1158 3013 1212 3059 lite-

147 3109 217 3142 erare
226 3107 302 3158 caput
312 3094 432 3143 Schelad
443 3093 534 3158 Polyb.
548 3110 601 3158 esp.
615 3102 659 3163 ¹4,
702 3110 783 3141 rarum
799 3095 864 3143 vide.
883 3097 954 3142 Anne
970 3094 1091 3142 suadent?
1111 3091 1212 3138 noxium

149 3183 173 3220 et
185 3172 290 3221 noscitans
305 3185 368 3236 puta
377 3173 416 3221 vel
422 3173 512 3238 judica
524 3188 574 3219 esse
585 3188 660 3237 caput
702 3183 728 3220 tu
738 3172 827 3221 incesse
838 3186 919 3238 capnt.
935 3175 998 3222 Nem
1010 3173 1067 3220 huic
1076 3187 1152 3235 quum
1162 3169 1214 3216 nul·

147 3252 231 3300 now.
244 3278 280 3289 -—
298 3252 331 3299 II.
351 3252 371 3300 I.
393 3252 510 3316 Iloeriug.
530 3262 588 3299 nota
605 3263 657 3300 est:
701 3253 727 3300 lo
739 3253 815 3302 modo
827 3255 926 3303 defendi
939 3255 1029 3319 possit,
1043 3252 1100 3316 qula
1113 3249 1214 3312 oblique

146 3352 159 3372 ι
168 3331 267 3380 Ceevec.
276 3342 301 3378 et
310 3330 434 3378 Drakenb.
447 3331 621 3394 acquieverunt
632 3331 658 3377 in
701 3345 813 3398 spectans
825 3335 973 3382 Demetrium
990 3332 1071 3381 Persei
1084 3330 1162 3378 oratio
1178 3329 1214 3375 di-

146 3411 315 3459 emendatione
336 3410 454 3468 Rubenii,
471 3411 528 3473 qni,
546 3425 592 3473 pro
614 3427 658 3456 no·
702 3423 790 3459 rectem
812 3410 919 3459 hominis
939 3412 1086 3460 mentionem
1107 3409 1214 3471 refugit,
1249 3418 1252 3426 '

145 3488 215 3537 aesisns
223 3489 280 3536 Isuic
290 3506 339 3537 esse
348 3501 434 3553 caput,
441 3491 565 3553 ingeniose
574 3488 658 3553 legen·
701 3501 792 3553 qusnts
802 3493 839 3538 vis
850 3492 950 3539 accedet
961 3492 1110 3550 conjectures
1120 3502 1215 3552 prono-

146 3567 204 3617 dusn
216 3585 269 3617 esse
279 3569 386 3630 conjecit
400 3568 502 3615 noxium
514 3568 604 3615 incesse
615 3584 657 3614 ca·
701 3571 766 3618 miste
773 3570 879 3632 adjecto,
886 3588 959 3620 nemo
969 3586 1021 3618 non
1029 3570 1124 3617 sentit».
1133 3571 1215 3615 En.-

140 3660 194 3710 pnt.
205 3648 255 3696 Sed
265 3648 325 3695 mihi
337 3648 382 3696 elie
395 3648 421 3694 in
432 3647 587 3711 praecedente
597 3663 657 3695 voce
701 3651 819 3697 Paternos
829 3650 899 3706 deos,
910 3649 1045 3697 edulntorIe
1054 3663 1100 3711 pro
1106 3658 1212 3710 patrem,

144 3726 235 3791 dispice
256 3728 351 3787 objecta
364 3737 400 3774 est
417 3725 563 3784 difficultas,
584 3742 656 3789 quem
700 3739 728 3776 ut
744 3729 841 3777 Cretes.
860 3730 971 3787 monuit,
982 3740 1006 3775 et
1024 3726 1098 3774 simul
1115 3727 1215 3773 Perseus

144 3805 245 3868 quidem
258 3819 377 3856 remotum
390 3807 472 3855 veIIm.
487 3807 568 3856 scilic.
582 3806 656 3870 dispi·
700 3808 800 3873 respicit
815 3808 847 3856 nd
865 3809 925 3856 deos
942 3818 1067 3856 exactores
1078 3805 1176 3870 pietatis
1190 3803 1217 3852 fi-

143 3899 197 3932 eere
209 3886 248 3933 vel
268 3887 426 3951 simpliciter,
445 3904 508 3951 pro,
529 3886 655 3935 intendere
699 3886 788 3935 liornm
799 3888 824 3934 in
833 3899 954 3950 parentes.
965 3890 1010 3935 En.

143 3964 272 4013 oculorum
289 3967 366 4013 aciem
386 3965 417 4012 ed
436 3965 585 4022 videndum,
605 3967 656 4014 sive
737 3967 762 4014 3.
774 3967 830 4012 Non
843 3966 941 4013 solenne
954 3966 1055 4013 lustrale
1067 3962 1217 4012 sucrificium

143 4041 274 4106 diIIgenter
294 4044 462 4102 considerare,
482 4045 520 4092 vel
539 4045 655 4108 dispicere
699 4045 819 4093 exercitus
834 4045 885 4102 tui,
902 4061 951 4093 non
963 4046 1076 4093 decursus
1087 4045 1214 4100 rnilitum,-

142 4120 251 4186 aliquid,
265 4124 434 4188 pro,intentis
447 4124 515 4187 qussi
530 4124 607 4171 oculis
619 4123 656 4171 di·
699 4123 755 4172 vide
770 4125 801 4172 ed
810 4142 864 4189 cap.
874 4126 902 4183 6,
916 4140 941 4173 n.
956 4141 966 4172 1
983 4136 1007 4173 et
1022 4125 1140 4171 n.—Non
1154 4139 1212 4186 epu-

142 4199 244 4263 Iigenter
264 4202 358 4265 aliquid
378 4203 545 4261 coneIdercre,
567 4204 654 4266 sepius
699 4204 743 4259 Ite,
757 4220 838 4251 mensa
855 4203 998 4267 hospitalis,
1013 4212 1067 4267 'quse
1084 4218 1149 4250 sacre
1162 4213 1214 4253 ests

143 4277 313 4345 dicitnr(vid.
335 4283 393 4329 Em.
412 4282 439 4328 in
457 4281 525 4330 Clnc.
541 4283 592 4329 Cic.
608 4281 654 4329 snb
699 4282 796 4330 vidend
813 4287 917 4341 IIIIIII,
934 4303 964 4346 9,
979 4301 1003 4332 n.
1020 4286 1044 4331 3.
1058 4284 1213 4330 Manliestsm

142 4371 199 4405 voc.
209 4356 351 4422 dispicere).
359 4359 407 4407 Sed
413 4361 530 4425 dispicere
537 4360 652 4423 aliquem,
698 4362 724 4408 ln
735 4361 773 4408 his
783 4363 943 4411 Imitationem
952 4362 1092 4421 Ciceronis,
1103 4363 1156 4410 Cct.
1174 4375 1212 4415 ιν,

142 4435 180 4482 sel
190 4454 339 4500 personam,
350 4455 388 4485 me
397 4440 490 4504 uspiam
501 4442 578 4504 legere
587 4440 654 4487 haud
702 4455 725 4502 1,
742 4443 836 4490 notavit
851 4444 963 4491 Mutetus
980 4443 1006 4488 in
1020 4442 1087 4486 Vas.
1106 4437 1218 4484 LectIon.

142 4516 248 4564 tuemini.
258 4517 308 4564 vix
317 4517 392 4582 igitur
400 4518 535 4568 discernere
548 4531 572 4569 et
582 4519 656 4583 dispi-
700 4521 779 4580 xlx,
792 4529 830 4576 st.
