2722 5040
149 819 217 891 5oo
569 815 607 879 T.
642 814 778 881 LIVII
1063 798 1184 915 ῧζὲζζζ

148 941 324 1012 decessit:
350 936 444 1006 idem
465 933 644 1003 decemvir
661 957 841 1003 sacrorum
861 934 965 1009 fuito.
991 941 1154 1014 Pontifex
1174 945 1210 1014 in

148 1042 266 1122 locuni
293 1047 370 1142 ejus
392 1069 412 1115 a
432 1043 583 1139 collegio
602 1058 791 1139 cooptatus
813 1060 867 1117 cst
888 1050 931 1137 Q.
953 1050 1097 1124 Fulvius
1113 1054 1211 1125 Flac-

148 1188 229 1258 cus3
244 1158 359 1230 lactus
372 1169 491 1226 autem
508 1149 670 1250 pontifex
684 1156 860 1225 maximus
875 1160 922 1226 M.
935 1159 1096 1231 AEmilius
1109 1165 1212 1261 Lepi-

149 1275 236 1359 dus,
256 1293 369 1368 quum
388 1264 491 1335 multi
508 1262 592 1332 clari
610 1262 676 1330 viri
694 1266 885 1359 petissent:
905 1284 940 1338 et
957 1269 1138 1342 decemvir
1156 1297 1212 1344 sa-

147 1406 290 1454 crorum
313 1383 355 1469 Q.
377 1375 531 1446 Marcius
553 1372 738 1469 Philippus
761 1378 797 1444 in
820 1377 981 1470 ejusdcm
1012 1382 1133 1454 locum
1158 1401 1212 1456 est

148 1506 345 1589 cooptatus.
372 1491 415 1555 Et
439 1508 553 1580 augur
577 1486 635 1578 Sp.
660 1486 863 1556 Postumius
880 1487 1027 1560 Albinus
1045 1491 1206 1566 decessit.

148 1713 248 1776 remptis
261 1707 466 1772 vitio,spopulo
481 1715 586 1753 ereetum
598 1703 654 1750 luis·
700 1716 782 1761 erunt,
808 1709 866 1756 satis
891 1710 993 1774 iutelligff
1014 1723 1145 1775 potem„
1165 1715 1211 1762 vel

147 1807 181 1838 se.
195 1790 323 1838 Enimvero
340 1803 419 1851 regern
435 1801 556 1833 sacrorum
574 1784 654 1830 statim
699 1783 751 1830 huc
764 1786 835 1834 verbs
846 1788 942 1846 sitista,
953 1789 991 1837 vel
1002 1790 1042 1837 ills
1052 1778 1097 1854 qni
1106 1791 1209 1840 secunda

147 1883 204 1935 post
219 1879 318 1918 exactos
335 1883 404 1931 reges
421 1883 434 1912 s
451 1862 610 1930 pontificibus
632 1873 654 1910 et
700 1863 753 1909 loco
773 1864 934 1928 inauguratus
952 1881 1006 1916 erat
1025 1887 1038 1916 a
1057 1870 1120 1918 mels
1137 1888 1210 1921 menn

147 1949 391 2014 ¹tuguribuscresturn
402 1945 483 2002 fnisse,
497 1943 657 2004 Dionysstla·
699 1942 787 1989 inserta
807 1960 870 2003 esse,
886 1947 924 1994 vel
942 1946 1048 1996 breviter
1065 1961 1090 1996 et
1108 1950 1209 1998 obem

146 2031 230 2077 licarn.
241 2029 274 2083 V,
288 2043 314 2084 r,
332 2037 418 2073 auctor
431 2035 480 2081 est;
496 2033 520 2069 et
535 2022 560 2068 b.
576 2022 592 2068 Ι.
605 2036 655 2067 non
700 2020 740 2067 hic
751 2022 853 2071 indiceri
864 2043 956 2075 morem
969 2027 1074 2092 aliquem
1086 2031 1208 2078 Rornano-

146 2119 311 2156 memorentur
329 2105 427 2153 comitia
449 2104 512 2166 regis
532 2116 655 2148 sacrorum
701 2116 753 2146 rum
764 2102 1207 2169 nobisincogniturn,monentCres.

146 2189 258 2240 creandi.
269 2202 349 2250 neque
362 2183 509 2239 centurius,
524 2181 568 2228 sed
579 2180 656 2228 tribu·
700 2191 724 2228 et
735 2181 810 2230 Drsk.
822 2184 870 2245 Qui
879 2187 983 2233 secrmdo
994 2187 1060 2242 Ioco,
1076 2188 1209 2237 secundun

88 2313 90 2316 .
146 2267 288 2330 tn.quibus
297 2266 328 2313 de
340 2265 430 2311 inoleta
441 2261 585 2309 certabatur.
596 2261 657 2306 Prae-
700 2259 867 2322 Dolabellam,
880 2277 975 2312 creatus
988 2267 1064 2329 erat(
1076 2269 1144 2330 qnod
1159 2285 1209 2315 m.

147 2360 211 2395 teres
223 2364 253 2393 ex
267 2346 292 2392 h.
303 2345 320 2392 l.
331 2343 431 2390 evidens
444 2352 490 2394 est,
503 2337 655 2387 Dolabellam
701 2340 759 2389 burn
782 2344 813 2391 de
836 2359 891 2406 rege
913 2360 1036 2392 sacrorum
1059 2346 1151 2394 dicitnr
1171 2350 1208 2404 tt.

146 2428 257 2475 nondum
279 2426 448 2487 inauguratum
470 2421 557 2476 fnisse,
579 2435 655 2483 quum
701 2425 831 2484 spr.V1‚
850 2432 895 2479 4¹3
920 2426 974 2480 IX,
993 2425 1063 2488 34),
1080 2442 1132 2473 110„
1149 2427 1209 2474 ,Μὴ

147 2508 198 2554 lraec
212 2504 309 2554 comitis
319 2503 472 2551 haberentur.
486 2501 571 2561 Neque
584 2498 656 2545 etism
701 2503 765 2560 conj.
778 2503 835 2547 Enr.
845 2512 946 2564 putans,
954 2503 1053 2550 verbum
1063 2505 1209 2570 beolagasete

147 2585 284 2633 sacerdotes
297 2598 397 2644 usqum
412 2578 559 2643 Inaesgurori
570 2578 656 2623 dicun·
700 2581 762 2626 susle
773 2581 903 2644 repetitum
915 2598 965 2629 esse
978 2600 990 2629 a
1002 2582 1115 2631 librariis,

148 2675 187 2711 tur
207 2674 277 2720 ante,
295 2661 337 2706 sed
360 2669 490 2723 postquam
512 2674 525 2702 o
550 2655 656 2719 collegio
736 2674 761 2719 9.
782 2659 898 2706 Poneiex
922 2656 989 2708 ,m
1009 2662 1127 2711 dmum
1147 2663 1208 2712 ide„

147 2741 256 2806 cooptati
264 2775 272 2795 ,
280 2749 322 2786 aut
329 2737 359 2784 sb
369 2738 409 2793 iis,
420 2733 509 2797 qulbus
519 2734 543 2780 id
550 2736 590 2794 jus
597 2747 656 2791 erut,
701 2738 818 2786 decemvir
827 2757 891 2788 saer.
897 2742 953 2807 sitit
959 2760 969 2797 ,¹
984 2742 1038 2789 vide
1051 2742 1081 2789 ad
1095 2745 1208 2799 xxvll.

146 2822 221 2869 oresti
233 2822 335 2867 suerent.
348 2816 459 2878 Denique
471 2830 497 2860 es
508 2815 570 2861 ratio
580 2831 655 2861 unum
701 2820 731 2873 (i,
745 2835 770 2864 n.
786 2820 810 2866 Β.
824 2847 858 2856 -
871 2820 983 2885 Pontifex
1002 2820 1026 2868 in
1039 2823 1119 2868 locum
1131 2823 1207 2887 ejusa

145 2920 158 2949 e
180 2899 292 2965 pluribus
310 2912 388 2960 regem
407 2910 530 2941 saeuitum
551 2894 655 2942 faciendi
700 2897 799 2958 collegio
812 2911 940 2962 cooptatus
950 2911 986 2946 est
996 2902 1025 2962 Q.
1034 2901 1132 2962 Fulvius
1142 2904 1207 2950 Flac·

148 2982 232 3036 luisse,
254 2994 327 3041 quem
354 2975 400 3023 sibi
421 2972 545 3021 Gruchius
569 2973 655 3028 linxit.
699 2992 755 3031 ουκ
758 2975 844 3048 stactus
854 2991 935 3026 atatem
942 2978 1055 3045 pontifex
1066 2996 1134 3029 max,
1143 2982 1207 3044 ιφ,

147 3059 244 3124 probari
258 3073 308 3106 noo
319 3066 409 3120 potest.
419 3053 503 3101 Nihilo
513 3054 568 3118 plus
578 3053 609 3100 sd
620 3054 656 3100 in·
699 3056 760 3109 dem
772 3056 867 3104 vidend
880 3059 962 3116 XXV,
974 3059 1002 3115 5,
1013 3075 1038 3105 n.
1055 3075 1076 3106 1.
1086 3062 1131 3107 MS
1140 3061 1206 3124 Mog.

146 3138 303 3202 telligendurn
321 3135 386 3183 bunc
406 3133 486 3180 locurn
504 3149 542 3180 rue
552 3134 654 3193 juvant,
699 3136 724 3181 in
735 3146 759 3182 et
772 3135 828 3181 edd.
840 3148 901 3183 antt.
912 3148 970 3183 ante
976 3137 1119 3201 pontificem
1128 3139 1204 3186 maei-

146 3235 200 3281 quae
212 3219 328 3280 scripsere
340 3212 447 3260 Turneb.
457 3212 557 3258 Advess.
567 3213 655 3271 XXX,
699 3230 764 3260 muso
773 3214 885 3262 AEmr'lins
895 3216 1007 3280 Lepidus.
1018 3217 1102 3279 Sigon.
1112 3218 1204 3266 emend.

55 3352 58 3359 ι
147 3296 307 3354 24;Gnther.
325 3294 354 3340 de
368 3293 653 3348 JnrePont.1‚11‚et‚
698 3305 726 3339 at
735 3292 849 3357 pontifex
866 3294 1084 3359 maximus(quod
1096 3312 1205 3362 recepere

147 3380 187 3441 qui
200 3392 255 3423 cnm
267 3375 346 3421 Gron.
359 3371 444 3426 sentit,
456 3373 539 3418 oraev.
554 3373 579 3417 in
592 3372 655 3418 rre-
697 3373 802 3420 editores
815 3385 917 3421 receutt.
929 3375 952 3435 )‚
965 3385 989 3420 et
1001 3375 1111 3424 Gronov.
1124 3387 1204 3423 cresto

146 3458 188 3504 lut.
201 3467 218 3501 t.
229 3457 263 3511 V,
273 3457 330 3501 Ant.
341 3454 412 3498 llorn.
422 3453 477 3514 Ipse
485 3450 584 3512 quidem
592 3451 655 3499 nihil
698 3464 756 3500 ante
775 3453 891 3518 pontifice
918 3453 1027 3500 maximo
1049 3456 1083 3501 M.
1107 3454 1204 3503 AEnsilr'o

147 3538 232 3583 melios
241 3534 319 3581 habeo
328 3533 417 3579 dicere.
429 3530 478 3577 Sed
486 3530 545 3579 mihi
555 3530 580 3577 in
591 3547 654 3578 men
698 3531 797 3594 Lepido.
825 3531 893 3581 Nihil
919 3533 1005 3579 borum
1034 3534 1203 3595 pnsbsudum:

147 3629 194 3661 tens
205 3615 286 3670 venit,
298 3613 317 3659 si
331 3627 377 3675 pro
386 3620 439 3657 erat
451 3608 499 3671 legi
510 3608 594 3657 liceret
602 3621 653 3665 est,
698 3627 753 3658 nam
762 3613 848 3659 vitiose
857 3610 947 3657 dicitnr·
957 3611 982 3657 in
987 3611 1130 3677 pontificem
1137 3628 1203 3659 snas.

145 3696 211 3741 hune
239 3691 313 3756 poulo
342 3688 526 3737 tolerabiliorem
557 3704 653 3735 unsuns
697 3690 822 3754 cooptari,
844 3702 868 3736 et
885 3689 999 3753 pontifex
1017 3706 1082 3737 mex.
1100 3707 1204 3754 neqms

147 3776 260 3819 loturum.
280 3773 363 3833 Quum
381 3768 492 3833 pontifex
518 3784 581 3816 mox.
608 3769 655 3831 pri·
697 3770 802 3833 collegio
820 3780 957 3832 cooptatur,
986 3785 1065 3831 neque
1085 3783 1141 3818 unte
1164 3786 1203 3818 co·

145 3867 185 3898 roo
201 3853 345 3915 inaugurare
362 3848 478 3896 voluisset
491 3848 653 3905 Dolabellam,
698 3851 847 3913 optationem
868 3848 928 3894 novi
946 3847 1070 3911 pontilicis
1085 3861 1203 3897 creature

146 3931 249 3986 deinde,
263 3931 352 3989 injectu
366 3928 482 3990 religione
494 3942 526 3973 ex
539 3927 599 3973 vitio
611 3942 652 3974 eo·
697 3931 807 3991 populo;
819 3927 875 3975 vide
886 3927 917 3973 sd
929 3928 1013 3986 XXV,
1024 3929 1052 3987 5,
1062 3943 1086 3975 n.
1103 3945 1124 3976 1.
1135 3930 1204 3993 Sigo-

145 4010 279 4065 nridorum,
289 4010 346 4055 loeo
357 4009 420 4054 illius
430 4006 542 4055 Cloelium
551 4006 652 4053 velutin
696 4008 731 4054 nii
745 4009 908 4066 conjecturam
921 4005 1008 4070 probat
1023 4007 1147 4055 Drakenb.
1161 4024 1206 4072 pn·

145 4087 280 4135 subsidium
293 4099 318 4134 et
331 4085 438 4133 secundo
456 4080 513 4133 loco
525 4079 652 4148 inaugure-
697 4098 794 4148 totque,
813 4103 862 4133 non
879 4103 909 4132 ex
925 4101 1011 4148 praeco.
1031 4085 1069 4132 vel
1086 4102 1153 4150 seqq.
1169 4103 1205 4134 re·

145 4183 196 4216 tum
211 4165 291 4211 luisse.
301 4165 333 4210 At
345 4163 382 4220 vpl
392 4164 426 4211 sic
436 4164 546 4226 ineptum
559 4164 651 4228 aliquid
696 4166 827 4229 petendum
853 4181 904 4213 esse
932 4175 1060 4227 cooptatus
1083 4176 1133 4223 est,
1162 4165 1205 4214 ud

145 4250 170 4294 in
178 4247 316 4309 importune
325 4241 370 4288 boe
380 4243 466 4289 lacinia
475 4256 519 4290 est.
529 4245 590 4290 Nam
602 4245 652 4292 lor·
695 4243 878 4308 intelligendum
892 4255 986 4290 creatio
999 4254 1053 4298 esu
1065 4243 1122 4291 vide
1133 4245 1166 4292 sd
1178 4246 1204 4297 1.

145 4326 213 4373 sessis
227 4339 272 4370 nec
284 4333 348 4369 recte
361 4321 465 4368 sesrmdo
482 4321 535 4368 Ioco
551 4322 652 4386 insugu·
698 4325 744 4379 33,
755 4340 781 4372 n.
800 4340 823 4382 7.
834 4324 896 4385 Quis
912 4338 969 4369 vero
987 4322 1034 4368 sibi
1048 4322 1205 4386 persuadeat,

145 4417 209 4454 ratus
222 4402 327 4458 dicitur,
340 4412 396 4448 snte
409 4416 481 4463 quem
499 4400 559 4447 nlius
572 4403 651 4465 primo
696 4405 792 4450 Livium
805 4415 854 4451 tem
869 4402 972 4449 obscure
985 4413 1010 4450 et
1020 4401 1133 4461 ambigue
1146 4401 1172 4451 b.
1188 4402 1204 4450 l.

144 4489 199 4534 loeo
210 4480 523 4548 inunguntusnonluereu
535 4495 579 4526 nec
589 4495 651 4543 opus
695 4483 821 4546 loquutum
842 4483 911 4529 esse?
931 4482 984 4528 Nos
1004 4480 1052 4528 levi
1072 4481 1205 4529 montione

143 4576 193 4624 erat
202 4562 273 4619 eddi,
284 4561 352 4625 quod
365 4577 395 4608 ex
406 4561 449 4618 iis,
460 4574 514 4623 qne
524 4558 574 4619 jun
586 4557 651 4607 dieu
694 4560 806 4608 lectionis
818 4560 947 4608 manifesto
958 4569 1082 4623 corrupto}
1095 4560 1205 4624 reposui·
