2722 5040
167 812 286 914 litt:
327 835 431 902 Lm.
459 835 637 902 xxxvl.
664 837 769 904 uxr.
801 834 900 900 xxi.
928 832 1054 899 xxti.
1168 835 1208 916 ,ιι

144 955 247 1027 millia
275 954 410 1054 pondo
444 957 609 1052 argenti3
640 958 719 1027 auri
752 954 875 1054 pondo
910 969 1058 1026 centum
1088 955 1215 1052 'viginti

145 1070 319 1165 septemt.

188 1169 300 1236 XXII.
323 1164 461 1238 Acilius
476 1164 603 1237 consul
622 1162 668 1234 ab
681 1162 932 1261 Thermopylis
946 1160 1154 1233 Heracleam
1169 1160 1215 1231 ad

144 1275 279 1346 AEtolos
294 1276 490 1374 praemisit,
510 1290 550 1344 ut
564 1291 649 1345 tune
662 1273 790 1346 saltem
803 1283 828 1360 ¹,
843 1277 984 1368 experti
995 1276 1132 1366 regiam
1145 1296 1216 1341 να-

144 1392 316 1473 nitatem,
344 1390 606 1481 resipiscerent,
632 1384 837 1481 traditaque
859 1381 1059 1467 Heraclea,
1082 1387 1216 1476 cogitu-

145 1511 224 1565 rent
238 1495 286 1565 de
294 1494 461 1593 petendu
476 1494 525 1564 ab
544 1510 672 1565 senatu
687 1496 895 1586 seufuroris
908 1499 984 1579 sui,
1004 1518 1068 1564 seu
1087 1497 1216 1562 erroris

144 1611 266 1676 uentu.
285 1611 337 1675 Et
351 1620 501 1677 caeteras
523 1609 675 1677 Groeeiae
693 1610 848 1675 civitates
873 1603 1043 1695 dejecisse
1060 1627 1103 1673 eo
1122 1600 1215 1673 bello

145 1714 192 1785 ab
204 1702 347 1812 'optime
363 1713 411 1785 de
429 1740 469 1786 se
486 1720 619 1785 meritis
637 1719 830 1801 Romanu,
849 1714 931 1801 sed,
950 1721 1039 1811 quia
1052 1714 1215 1810 postfu-

141 1850 229 1920 gam
246 1830 357 1920 regu,
379 1825 633 1920 cujusfiducia
651 1827 773 1919 officio
790 1825 1045 1911 decessusent,
1059 1847 1132 1895 non
1152 1823 1217 1894 acl-

145 1935 320 2006 didirsent
330 1934 731 2033 pertinaciameulpoe,
757 1941 793 2006 in
804 1936 926 2032 fidem
945 1950 1105 2033 receptus
1127 1959 1215 2005 esse.

145 2043 285 2116 AEtolos
304 2051 470 2142 quoque,
493 2070 707 2143 quanquam
733 2070 807 2116 non
825 2050 970 2143 sequuti
984 2050 1058 2115 sint
1073 2068 1214 2139 regem,

144 2154 209 2224 sed
225 2160 469 2240 arcessierint,
488 2170 525 2225 et
542 2154 651 2226 duces
670 2153 758 2226 belli
762 2210 773 2243 ,
795 2181 869 2226 non
889 2159 994 2243 socii,
1001 2156 1164 2246 suerint,
1184 2162 1218 2225 si

138 2275 315 2367 poenitere
319 2275 482 2367 possint,
489 2295 601 2368 posse
616 2287 653 2341 et
663 2269 858 2342 incolumes
875 2295 959 2342 esse.
974 2268 1029 2340 Ad
1046 2294 1086 2340 ea
1101 2294 1216 2366 quum

146 2380 262 2475 pacati
282 2377 374 2449 nihil
393 2379 687 2478 responderetur,
711 2396 997 2479 appareretque,
1016 2381 1126 2451 armis
1140 2405 1217 2451 rem

145 2487 360 2585 gerendam,
380 2504 436 2575 et,
455 2513 540 2588 rege
556 2505 749 2588 superato,
766 2490 905 2562 bellum
921 2491 1111 2561 AEtolicum
1130 2491 1218 2560 inte·

145 2623 247 2696 grum
269 2613 426 2688 restare3
455 2615 568 2672 castra
596 2599 642 2671 ab
665 2600 914 2699 Thermopylis
937 2599 982 2672 ad
1007 2599 1215 2672 Heracleam

146 2710 279 2797 morit,
302 2735 423 2807 eoque
449 2711 528 2808 ipso
551 2709 629 2798 die,
650 2725 690 2782 ut
711 2713 821 2782 situm
840 2725 1006 2782 nosceret
1024 2709 1146 2797 urbis,
1170 2709 1216 2803 ab

146 2821 246 2890 omni
270 2835 374 2919 parte
403 2845 499 2917 equo
524 2825 658 2892 moenia
686 2836 739 2893 est
765 2824 1035 2893 circumvectus.
1065 2821 1138 2890 Sita
1162 2835 1217 2891 est

180 3077 202 3125 t.
212 3072 261 3117 Per
270 3068 365 3117 eosdem
375 3068 427 3117 dies
438 3081 464 3117 et
471 3071 506 3119 tt.
517 3069 652 3120 Fulvius...
701 3073 779 3132 vm,
794 3089 838 3135 ¹9=
855 3089 880 3122 u.
896 3088 933 3121 ιο.
950 3099 986 3108 -
1001 3070 1089 3139 Officio
1103 3068 1216 3135 decessis-

146 3146 235 3214 vigints‘
247 3162 356 3213 septem.-
369 3150 454 3199 eudem
465 3162 489 3199 et
505 3150 592 3199 iisdem
608 3167 658 3198 ver
701 3163 767 3209 sent,
782 3152 813 3199 ul.
827 3152 859 3199 ab
874 3151 918 3217 ⁰ffi
932 3151 972 3208 d„
990 3163 1013 3198 et
1023 3152 1101 3198 Grorr.
1112 3149 1216 3197 mulebut

146 3226 183 3274 bis
192 3240 337 3293 repetuntur
345 3246 401 3295 cup.
411 3231 445 3293 39
455 3248 494 3295 pr.
504 3229 656 3279 uudeened.
702 3228 882 3287 discessissem
902 3231 958 3278 vide
976 3229 1008 3276 ad
1027 3229 1142 3285 mn,
1171 3244 1217 3286 ιο,

148 3306 216 3355 Frob.
226 3323 249 3354 a.
262 3308 655 3374 1⁵31,etproximzadct1rion.
701 3325 726 3358 u.
741 3326 762 3356 1.
774 3336 809 3345 —
821 3308 848 3356 Si
856 3309 974 3373 poenitere
980 3308 1086 3374 possint.
1099 3308 1169 3377 ilaue
1178 3306 1215 3355 lo·

147 3400 260 3449 prorsus,
275 3387 319 3435 sed
332 3399 438 3447 temere,
454 3389 598 3439 omiserunt.
616 3389 655 3439 Cf.
701 3388 793 3453 queudi
806 3389 923 3448 formum,
938 3388 1048 3451 quumvis
1067 3374 1152 3450 pirum
1171 3385 1217 3433 usi-

146 3463 176 3511 ad
187 3466 298 3524 xm,
310 3483 359 3525 ιι,
373 3483 399 3515 ιι.
412 3483 444 3526 ²3
464 3467 534 3532 Pigh.
548 3469 574 3523 iu
588 3469 655 3517 Anu.
700 3479 775 3516 tutum
785 3504 792 3527 ,
804 3483 856 3516 nou
865 3469 922 3517 ideo
933 3478 1014 3516 tumen
1024 3464 1107 3513 ruendi
1117 3480 1217 3528 urguen-

146 3541 175 3589 ιδ
183 3560 223 3591 ιιι.
235 3543 295 3602 562,
304 3561 360 3610 pug.
373 3547 439 3605 2⁸3,
451 3557 476 3594 et
485 3546 563 3597 Perit.
572 3547 656 3598 Auim.
702 3547 757 3595 dam
771 3564 823 3596 esse
838 3534 1033 3596 mouetCreret.
1045 3543 1090 3607 qui
1104 3543 1150 3590 alia
1163 3544 1216 3605 ejus

146 3620 201 3670 ltist.
213 3639 268 3688 cap.
284 3632 313 3681 4,
325 3641 352 3689 p.
363 3625 422 3684 173,
431 3625 474 3689 qui
482 3623 536 3673 haec
548 3642 561 3673 e
576 3614 657 3693 diver}
701 3626 813 3691 exempla
824 3643 854 3673 ox
867 3636 925 3673 vett.
935 3622 1097 3688 scriptoribus
1108 3622 1216 3675 exhibet.

146 3699 176 3747 sis
187 3700 329 3750 auctoribus
345 3703 467 3768 descripta
483 3715 571 3768 putat,
584 3722 657 3770 quum
702 3704 816 3762 Nouius,
832 3721 886 3768 cup.
904 3721 928 3762 7,
949 3701 1090 3772 eluouvio
1111 3690 1216 3775 ullegut,

145 3791 223 3828 nmen
234 3781 415 3847 suspicionem,
425 3782 493 3846 quod
504 3784 554 3844 jum
564 3783 656 3834 Duker.
701 3799 767 3830 nuuc
777 3783 944 3847 purritebuum
956 3782 1087 3840 lustinus,
1105 3781 1157 3839 sire
1170 3798 1217 3845 po·

144 3859 255 3918 monuit,
273 3876 304 3908 eo
316 3860 371 3925 ipse
383 3858 502 3918 infir-mut,
513 3862 581 3926 quod
591 3880 612 3912 c.
623 3864 657 3929 39
702 3863 751 3912 tius
766 3865 878 3924 Trogus,
895 3860 938 3908 lib.
952 3862 1008 3937 XI,
1025 3878 1079 3925 cup.
1100 3863 1129 3920 3,
1139 3861 1218 3925 prinei

144 3954 174 3985 ex
187 3938 212 3986 h.
224 3939 242 3987 1.
255 3950 280 3987 et
292 3955 306 3985 e
319 3938 376 3987 coil.
384 3941 454 4003 Mog.
464 3940 562 3989 eosdem
573 3958 657 3991 uume-
697 3941 815 4005 poenitere
825 3952 949 4006 cuperant
956 3958 967 3996 ‚·
982 3940 1076 3988 Gellius
1087 3977 1094 3999 ,
1104 3942 1136 3998 V,
1158 3957 1180 3999 1,
1192 3952 1216 3988 et

143 4033 183 4065 ros
192 4016 350 4084 recipiendos
359 4029 452 4077 censet,
471 4036 536 4080 uou,
548 4037 610 4085 quos
621 4020 658 4070 ibi
696 4021 793 4086 pudeat
803 4018 907 4076 tacitus,
929 4031 954 4066 et
961 4020 1089 4085 poeniteat.
1106 4019 1179 4068 Adde
1190 4032 1214 4069 et

143 4097 232 4147 hubent
243 4096 332 4161 reliqui
343 4100 406 4147 MSS
420 4110 444 4147 et
460 4099 517 4149 edd.
539 4111 597 4149 vett.
612 4101 656 4148 de·
701 4100 827 4157 Plautum,
837 4085 919 4147 cista.
933 4109 980 4147 tet
992 4100 1027 4159 V,
1040 4116 1074 4146 sc.
1088 4114 1119 4156 u,
1132 4116 1169 4146 vs.
1186 4101 1215 4158 3,

143 4192 192 4223 cem
209 4177 289 4226 millia
305 4176 391 4242 pondo
404 4190 429 4227 et
446 4178 609 4227 auricomum
618 4178 656 4228 νί-
701 4178 737 4226 ita
752 4195 816 4225 nunc
826 4179 910 4242 predeo
920 4195 931 4234 ,·
946 4190 971 4226 et
983 4180 1080 4226 Lucret.
1094 4179 1139 4235 111,
1150 4179 1215 4240 894,

139 4255 204 4319 grirts'
213 4273 266 4305 seu.
279 4283 316 4293 --
329 4256 434 4322 Argenti
445 4257 536 4322 bigam
552 4250 656 4307 eterid}
701 4259 756 4321 Ipse
770 4256 810 4304 sui
825 4257 928 4306 miseret.
939 4258 977 4304 Ex
989 4256 1027 4305 his
1043 4256 1163 4320 exemplis
1172 4273 1215 4321 pu·

144 4335 230 4395 xm,
242 4336 290 4392 52,
307 4351 333 4383 u.
353 4336 378 4382 3.
396 4363 430 4372 —
449 4337 531 4384 Extra
545 4353 658 4384 numera·
702 4349 747 4399 tet,
757 4338 830 4387 verbu
846 4338 902 4395 illu,
916 4337 1031 4400 poeuitet,
1039 4336 1129 4401 pudet,
1146 4336 1216 4382 mise·

142 4415 358 4479 tum,signutuur,
371 4413 397 4460 in
408 4414 522 4462 nummis.
701 4429 749 4472 ret,
773 4433 824 4465 nou
843 4416 933 4464 diversi
950 4418 1044 4480 generis
1059 4416 1133 4463 luisse
1152 4414 1214 4461 anti·

175 4493 233 4543 Ctr.
242 4495 331 4543 ΠΗ.
347 4509 368 4539 ι.
378 4493 422 4541 Ad
428 4493 657 4558 AEtolosproemt'sit,
701 4497 801 4560 quitus,
815 4514 844 4545 uc
861 4509 948 4544 caetoru
961 4496 1044 4544 latina
1058 4496 1147 4557 linguae
1161 4510 1213 4539 vcr-

142 4583 167 4619 ut
181 4572 277 4639 tunc(f.
290 4570 370 4636 nunc)
382 4572 485 4631 saltem,
501 4573 613 4623 etc.vide
627 4573 657 4622 nd
701 4567 1009 4639 bu,i1uuu1visp0steaiu
1026 4574 1095 4622 aliam
1110 4572 1213 4619 formum
1267 4592 1271 4598 =
