2722 5040
165 813 289 927 tlte
388 834 469 898 un.
495 830 568 896 xc.
597 830 694 897 cae.
720 830 823 895 xcv.
851 830 971 895 xcvi
1120 822 1199 899 ,505

140 973 175 1028 et
193 969 285 1052 quot
306 952 431 1023 hostiis
452 948 729 1032 sacrificaretur3
750 964 786 1019 et
805 946 854 1018 oh
876 945 1087 1018 fulminibus
1106 969 1202 1016 com-

142 1067 245 1165 plura
271 1065 349 1135 loca
374 1059 570 1133 deformata
596 1060 639 1131 ad
670 1058 781 1131 aedem
805 1059 901 1129 Iovis
923 1073 965 1128 ut
990 1057 1203 1155 supplicatio

142 1177 236 1246 diem
262 1198 375 1244 unum
402 1186 504 1243 esset.
529 1171 621 1241 Ludi
642 1168 773 1241 deinde
797 1169 906 1239 votivi
923 1174 966 1259 Q.
985 1167 1098 1238 Fulvii
1116 1192 1204 1238 cou-

143 1285 227 1357 sulis
247 1309 313 1382 per
331 1283 405 1354 dies
422 1282 546 1353 decem
565 1305 695 1377 magno
711 1295 883 1377 apparatu
897 1277 989 1349 lacti.
1005 1282 1203 1349 Censorum

144 1394 225 1464 inde
247 1392 391 1463 comitia
413 1389 557 1462 habita:
578 1392 686 1461 creati
700 1395 747 1460 M.
766 1389 924 1460 AErnilius
936 1387 1092 1486 Lepidus
1112 1413 1205 1486 pon-

144 1503 228 1574 tifex
250 1503 445 1589 maximus,
468 1516 504 1571 et
525 1505 570 1571 M.
587 1499 730 1570 Fulvius
744 1498 928 1586 Nobilior,
944 1501 1007 1596 qui
1025 1526 1069 1570 ex
1085 1499 1205 1569 AEtolis

145 1611 434 1711 triumphaverat.
447 1616 544 1683 Inter
555 1612 621 1682 hos
634 1612 728 1682 viros
739 1610 881 1682 nobiles
895 1613 1085 1682 inimicitiae
1097 1625 1208 1695 erant,

146 1726 262 1822 saepe4
291 1722 411 1793 multis
435 1723 527 1792 etin
551 1737 676 1793 senatu
703 1736 740 1792 et
766 1721 809 1792 ad
830 1722 1006 1819 populum
1028 1719 1208 1793 atrocibus

146 1832 330 1904 celebrata·
355 1830 621 1903 certaminibus.
645 1832 807 1902 Comitiis
828 1829 1017 1915 conlectis,
1040 1845 1081 1900 ut
1103 1828 1208 1900 tradi·

147 1959 222 2013 tum
255 1945 452 2040 antiquitus
480 1957 556 2027 est,
587 1966 754 2012 censores
786 1944 822 2011 in
848 1937 1010 2038 Campo⁵
1040 1939 1090 2010 all*
1112 1966 1208 2012 aram

147 2055 269 2124 Martis
303 2054 396 2124 sellis
429 2053 615 2124 curulibus
649 2051 920 2138 consederunt;
953 2076 1028 2147 quo
1063 2068 1211 2148 repente

87 2191 89 2197 ¹
149 2165 327 2262 principes
343 2151 547 2235 senatorum
573 2188 655 2234 cum
678 2163 817 2258 agmine
838 2176 1016 2232 venerunt
1038 2163 1210 2232 civitatis:

153 2277 247 2345 iuter
259 2299 353 2369 quos
367 2276 411 2363 Q.
428 2271 589 2343 Caecilius
604 2270 768 2341 Metellus
783 2270 891 2341 verba
905 2268 1008 2340 fecit:

196 2388 319 2454 XLVI.
336 2414 351 2448 «
366 2388 447 2454 Nou
462 2381 565 2453 obliti
580 2405 719 2466 sumus,
735 2405 915 2467 censores,
930 2406 993 2449 vos
1007 2381 1116 2478 paulo
1130 2395 1211 2451 ante

149 2493 224 2564 «ab
244 2495 412 2564 universo
427 2492 564 2591 populo
578 2516 730 2562 romano
750 2490 912 2562 moribus
930 2493 1059 2562 nostris
1074 2517 1210 2590 praepo·

150 2607 265 2675 «sitos
287 2629 382 2688 esse;
402 2618 438 2673 et
455 2628 522 2673 nos
541 2627 561 2672 a
582 2600 684 2672 vobis
703 2618 738 2672 et
758 2601 960 2684 admoneri,
979 2616 1014 2672 et
1028 2602 1121 2699 regi,
1139 2628 1212 2672 uon

151 2739 242 2783 «vos
270 2739 290 2783 a
316 2712 422 2783 nobis
447 2711 590 2782 debere.
619 2711 855 2782 Indicandum
885 2728 1002 2783 tamen
1028 2728 1102 2800 est,
1125 2713 1215 2810 quid

151 2852 167 2886 u
182 2848 308 2892 omnes
325 2821 443 2891 bonos
465 2823 500 2890 in
523 2821 624 2892 vohis
648 2836 708 2892 aut
729 2820 912 2904 offendat,
932 2839 993 2894 aut
1020 2841 1114 2895 certe
1139 2850 1215 2894 mu-

151 2962 166 2995 «
183 2948 291 3002 tatum
308 2931 433 3000 malint
444 2941 468 2998 ¹.
484 2931 651 3026 Singulos
665 2957 779 3028 quum
794 2934 995 3017 intuemur,
1012 2937 1062 3001 Μ.
1078 2934 1214 3019 AEmili,

153 3074 168 3104 α
182 3047 229 3111 Μ.
244 3041 357 3127 Fulvi,
368 3043 548 3110 nominem
563 3041 671 3112 hodie
684 3045 720 3111 iu
736 3044 875 3113 civitate
888 3043 1076 3124 habemus,
1090 3067 1215 3137 quem,

153 3184 167 3216 α
182 3154 209 3223 si
225 3176 435 3223 revocemur
448 3152 484 3220 in
507 3150 735 3248 suffragium,
752 3153 900 3224 velimus
915 3152 1016 3222 vobis
1030 3154 1214 3248 praelatum

154 3292 169 3324 «
182 3287 268 3332 esse.
286 3259 403 3330 Ambo
422 3286 536 3356 quum
553 3261 659 3331 simul
678 3261 908 3360 adspicimus,
929 3287 1000 3331 uon
1025 3287 1216 3359 possumus

155 3401 170 3432 α
185 3398 257 3441 uon
272 3372 403 3457 vereri,
422 3398 467 3442 ne
482 3372 572 3442 male
588 3373 783 3469 comparati
797 3373 889 3456 sitis,
910 3398 976 3442 uec
994 3388 1132 3443 tantum
1148 3374 1215 3444 rei-

154 3511 170 3543 «
184 3481 335 3579 publicae
354 3485 487 3578 prosit,
510 3480 610 3577 quod
628 3479 797 3552 omuibus
817 3481 921 3551 nobis
944 3484 1083 3578 egregie
1099 3483 1218 3579 place·

157 3592 247 3675 «tis,
267 3615 393 3687 quam,
414 3589 513 3687 quod
535 3590 622 3661 alter
642 3590 743 3661 alteri
762 3591 972 3689 displicens,
993 3608 1129 3663 noceat.
1145 3596 1217 3662 Ini-

157 3729 171 3761 «
185 3701 332 3770 micitias
344 3726 409 3796 per
420 3725 533 3769 annos
548 3700 680 3772 multos
692 3700 794 3771 vobis
805 3703 889 3798 ipsis
899 3727 1022 3796 graves
1034 3719 1069 3773 et
1081 3717 1220 3774 atroces

193 3949 216 3994 t.
227 3942 296 3985 Inter
306 3936 349 3986 Iros
359 3939 426 3986 viros
436 3939 526 3986 nobiles
535 3937 666 3987 inimicitr'oe
745 3940 805 3987 Car.
815 3941 904 3988 XLVI.
922 3958 943 3986 1.
956 3942 1009 3987 Aut
1020 3941 1081 4005 quid
1091 3955 1155 3990 ceree
1166 3960 1218 3991 mu·

157 4014 231 4079 (ride
250 4017 281 4065 ud
300 4018 472 4075 XXV11,35,
486 4034 511 4064 n.
532 4016 565 4079 5)
578 4028 662 4074 crant,
710 4031 787 4066 caerem
803 4020 889 4066 malint
904 4019 930 4067 hi
946 4019 1013 4068 boni.
1032 4022 1137 4070 Casuum
1158 4025 1220 4088 regi-

157 4111 234 4158 ηομ,
256 4108 303 4143 etc.
326 4096 392 4143 cons.
411 4094 442 4143 ad
456 4097 596 4154 XXXVII,
617 4104 666 4155 473
710 4115 765 4145 rnen
773 4116 824 4147 uon
834 4099 896 4146 bene
904 4100 930 4146 in
940 4100 1020 4146 verbis
1031 4113 1219 4160 commutatum

159 4175 312 4230 XXXVIII,
328 4176 376 4232 43,
388 4182 433 4230 443
450 4176 565 4221 XXXIX
575 4208 581 4231 ,
594 4183 618 4230 4.
629 4176 665 4222 Dc
710 4177 776 4226 Glar.
785 4176 875 4224 Malim
882 4194 928 4242 pro
937 4180 1137 4228 malitsubstituit
1146 4181 1217 4227 Frob.

158 4267 242 4300 corum
264 4253 461 4301 reconciliatIone
478 4253 543 4299 cons.
562 4253 612 4300 Cic.
635 4252 665 4301 <lc
710 4274 730 4304 a.
746 4257 1116 4319 1531,t1altmmc0nj.cr0n.
1128 4271 1219 4306 etmox

160 4331 233 4379 Prov.
254 4333 328 4381 Cona.
348 4331 467 4389 43Valer.
491 4332 559 4377 Max.
580 4333 623 4386 tv,
637 4347 664 4386 a,
710 4347 747 4390 ce,
761 4338 794 4382 al.
805 4336 909 4392 AEmr'lii,
921 4350 953 4394 ce,
967 4339 1002 4385 M.
1012 4337 1080 4384 Fulvi
1088 4337 1125 4382 vir
1132 4337 1219 4384 doctus

158 4406 174 4472 s
190 4425 199 4455 1
210 4443 217 4468 ,
231 4421 255 4457 et
266 4410 329 4458 Gell.
340 4413 402 4465 XII,
419 4410 442 4456 8.
710 4414 741 4462 ad
753 4430 827 4477 marg.
839 4415 878 4461 cd.
888 4418 946 4465 Cur.
956 4444 990 4452 —
1000 4416 1038 4462 Ne
1049 4415 1113 4461 male
1121 4429 1219 4477 compa·

194 4487 218 4534 5.
230 4489 259 4535 ln
272 4488 372 4552 Campo,
390 4504 425 4536 sc.
436 4489 538 4540 Mulio.
549 4487 586 4534 ad
594 4505 665 4536 aram
711 4487 760 4532 rati
773 4484 839 4539 sicis,·
859 4485 913 4531 vide
933 4501 1003 4551 supra
1019 4486 1050 4532 ud
1070 4483 1158 4530 librum
1181 4486 1219 4539 X,

160 4566 266 4624 araret„
279 4565 336 4615 ride
348 4565 379 4615 nd
392 4567 501 4624 XXXV,
518 4582 563 4621 ro,
580 4583 603 4615 n.
614 4568 640 4616 6.
711 4581 764 4628 rap.
779 4564 809 4610 15
817 4597 824 4622 ,
835 4579 859 4610 u.
878 4579 917 4610 11.
