2722 5040
169 696 292 810 ὲῑὲξζὲς
366 718 458 785 uin.
487 716 584 784 xci.
612 719 723 785 car„
747 719 845 785 xvi.
873 720 996 787 nvn.
1131 713 1198 788 565

140 863 350 940 oppugnare
366 852 543 936 coeperat,
557 853 739 937 receptam
754 862 797 910 ex
813 836 976 909 hostibus
991 837 1129 909 colonis
1142 863 1201 910 re·

141 949 268 1022 stituit.
289 952 380 1019 Octo
396 944 573 1019 mittia'ibi
593 949 764 1046 Ligurum
784 949 878 1017 intra
898 970 1022 1017 muros
1039 945 1202 1035 caesa31i-

141 1071 299 1154 temque
313 1063 463 1128 Romam
479 1056 661 1157 extemplo
674 1059 831 1157 scriptae,
848 1056 981 1154 quibus
999 1080 1073 1126 non
1091 1056 1202 1127 modo

141 1191 219 1238 rem
235 1172 449 1266 exponeret,
468 1166 531 1239 sed
553 1168 659 1238 etiam
678 1168 911 1266 gloriaretur,
930 1190 993 1237 sua
1013 1164 1144 1236 virtute
1163 1191 1204 1238 ac

71 1279 75 1303 ³
142 1275 310 1349 felicitate
328 1279 509 1350 neminem
527 1279 599 1374 jam
621 1280 672 1350 cis
690 1276 799 1377 Alpes
826 1278 967 1350 hostem
992 1275 1117 1376 populi
1140 1301 1201 1347 ro·

141 1389 237 1458 mani
247 1383 275 1475 ⁶,
296 1389 443 1486 agrique
462 1388 685 1486 aliquantum
700 1405 865 1488 captum,
881 1390 945 1487 qui
960 1387 1082 1459 multis
1095 1386 1201 1479 milli-

142 1491 211 1565 bus
226 1495 415 1567 bominum
434 1496 545 1567 dividi
562 1499 692 1577 viritim
711 1515 843 1597 posset.

189 1610 288 1676 xvu
306 1607 428 1703 (XXI).
451 1613 495 1679 Et
513 1609 564 1679 Ti.
584 1611 818 1707 Sempronius
837 1607 965 1681 eodem
986 1624 1147 1707 tempore
1167 1609 1204 1678 in

143 1714 305 1786 Sardinia
329 1716 451 1787 multis
474 1717 640 1790 secundis
667 1718 795 1817 praeliis
822 1718 952 1789 Sardos
977 1718 1202 1817 perdomuit:

142 1824 349 1921 quindecim
367 1825 474 1897 millia
486 1826 645 1899 hostium
661 1841 745 1899 sunt
757 1853 854 1899 caasa.
865 1831 999 1898 Omnes
1010 1826 1202 1897 Sardorum

142 1934 287 2032 populi,
312 1937 376 2031 qui
399 1934 623 2024 defecerant,
645 1937 873 2024 inditionem
894 1935 1029 2007 redacti
1045 1963 1053 2004 ι
1069 1937 1202 2033 stipen-

142 2041 261 2115 diariis
274 2044 476 2117 veteribus¹
488 2045 623 2145 duplex
635 2048 783 2144 vectigal
798 2049 1011 2148 imperatum
1026 2060 1203 2117 exactum·

142 2175 233 2247 que;
254 2155 373 2225 caeteri
386 2152 607 2227 frumentum
622 2157 862 2227 contulerunt.
880 2160 1005 2228 Pacata
1020 2156 1204 2254 provincia

142 2259 403 2361 obsidibusque
417 2291 461 2337 ex
475 2280 552 2337 tota
566 2266 680 2338 insula
695 2265 860 2338 ducentis
874 2266 1017 2363 triginta
1032 2265 1205 2363 acceptis,

142 2372 249 2469 legati
269 2379 442 2460 Romam,
464 2377 528 2472 qui
549 2400 591 2446 ea
613 2377 838 2460 nuntiarent,
863 2375 980 2457 missi,
999 2375 1136 2471 quique
1157 2372 1204 2444 ab

142 2498 269 2554 senatu
289 2499 476 2581 peterent,
503 2499 545 2555 ut
570 2484 620 2555 ob
646 2509 705 2555 eas
729 2509 809 2572 res,
837 2483 949 2556 ductu
971 2484 1204 2582 auspicioque

142 2590 192 2660 Ti.
215 2595 416 2692 Sempronii
436 2617 608 2692 prospere
625 2607 759 2692 gestas,
779 2593 847 2665 diis
863 2593 1127 2666 immortalibus
1145 2594 1206 2665 ho·

143 2725 212 2772 nos
230 2700 444 2785 haberetur,
462 2697 602 2801 ipsique
622 2703 812 2775 decedenti
833 2703 879 2776 de
901 2707 1082 2806 provincia
1104 2729 1206 2777 exer-

143 2812 253 2884 citum
269 2838 390 2892 secum
406 2813 597 2913 deportare
615 2815 747 2888 liceret.
766 2819 938 2903 Senatus,
958 2818 995 2886 in
1015 2815 1089 2887 aede
1103 2817 1207 2913 Apol-

144 2921 227 2992 linis
260 2923 458 3020 legatorum
496 2924 615 2997 verbis
651 2925 807 3013 auditis,
841 2927 1138 3027 supplicationem
1167 2926 1204 2993 in

143 3029 296 3103 biduum
324 3033 502 3122 decrevit,
528 3050 565 3107 et
591 3035 829 3133 quadraginta
856 3032 1052 3128 majoribus
1079 3031 1204 3101 hostiis

143 3145 308 3216 consules
335 3145 534 3218 sacrificare
552 3147 676 3241 jussit3
700 3148 752 3223 Ti.
777 3144 1030 3242 Sempronium
1052 3164 1206 3239 procon-

143 3255 257 3326 sulem
285 3259 555 3354 exercitumquc
582 3282 626 3327 eo
653 3280 751 3325 anno
776 3257 816 3323 'm
840 3253 1022 3350 provincia
1042 3274 1200 3320 manere.

143 3364 293 3437 Comitia
320 3363 450 3436 deinde
480 3365 636 3440 consulis
661 3364 768 3434 unius
795 3359 1036 3455 subrogandi,
1064 3384 1143 3456 quae
1167 3362 1202 3430 iu

143 3469 346 3541 antediem
374 3474 524 3541 tertium·
545 3474 667 3542 Nonas
691 3471 841 3543 Sextiles
869 3469 983 3541 edicta
1011 3484 1132 3551 erant,
1160 3495 1204 3540 eo

144 3582 222 3679 ipso
242 3579 299 3650 die
321 3593 407 3650 sunt
431 3577 605 3650 conlecta.
629 3584 672 3676 Q.
691 3581 850 3653 Petillios
867 3578 994 3651 consul
1011 3579 1203 3676 collegam,

143 3691 206 3785 qui
220 3689 400 3785 extemplo
417 3689 661 3786 magistratum
677 3692 876 3789 occiperet,
896 3691 1028 3763 creavit
1047 3693 1086 3760 G
1104 3689 1205 3761 Vale·

143 3800 235 3870 rium
253 3801 444 3871 Laevinum.
458 3805 509 3887 ls,
524 3800 597 3896 jam
615 3799 677 3872 diu
696 3799 849 3898 cupidus
864 3800 1073 3899 provincia,
1088 3824 1201 3895 quum

179 4049 202 4095 6.
215 4047 254 4096 Cis
267 4050 341 4111 Alpes
351 4047 441 4096 bostem
452 4064 512 4111 pop.
527 4063 602 4101 rom„
617 4063 651 4095 sc.
694 4046 763 4095 adid
769 4057 871 4102 mutum,
881 4045 921 4093 rel
930 4061 986 4093 cun
995 4047 1093 4109 Domai.
1102 4046 1205 4114 agrique

143 4143 206 4183 esse,
224 4118 269 4176 nisi
287 4128 313 4176 id
329 4140 386 4194 post
407 4124 483 4190 Alpes
500 4125 598 4173 excidit.
616 4153 651 4163 -
695 4125 902 4176 asemntwusss.
913 4126 1168 4188 tamenadil,39,n.
1181 4141 1202 4172 r.

144 4208 252 4271 Agrique
267 4209 419 4272 aliquantum
426 4241 434 4264 ,
456 4205 507 4254 boec
523 4206 650 4267 iactationi
730 4205 790 4254 en.
802 4205 884 4253 ΠΗ.
897 4221 919 4251 1.
930 4203 1100 4269 Ser'ptndiariis
1111 4203 1202 4251 veteri·

143 4286 237 4335 Claudii
251 4299 274 4334 ct
287 4285 366 4335 verbis
379 4301 446 4348 seqq.
457 4282 537 4331 multis
548 4284 650 4334 millibus
695 4285 752 4342 bus,
767 4296 815 4332 etc.
827 4283 881 4331 vide
893 4282 925 4331 ad
934 4285 965 4339 V,
980 4301 1027 4342 ιο,
1040 4300 1065 4331 n.
1079 4282 1103 4328 5.
1114 4298 1150 4318 —'-
1161 4283 1203 4337 Is,

143 4381 227 4429 parum
238 4365 369 4413 convenire
380 4363 481 4428 putabet
495 4363 568 4412 Drrk.
582 4364 650 4412 male·
690 4365 745 4428 jam
759 4364 811 4411 diu«
821 4360 922 4428 captatus
935 4363 1074 4429 provinciae.
1091 4359 1161 4406 Ordo
1179 4370 1203 4407 rt

143 4445 231 4511 batque
241 4461 295 4491 ratim
310 4447 364 4494 Jac.
376 4445 455 4495 Gron.
461 4444 539 4508 legere
549 4443 651 4508 agrique
694 4455 819 4498 strumum
829 4442 972 4499 verborum,
990 4451 1016 4489 ut
1029 4441 1101 4489 Cm.
1119 4438 1202 4487 obser·
