2722 5040
34 39 1294 335 u

155 775 202 844 os
392 840 395 845 ,
582 774 792 845 r.1,1v1.1
1066 749 1217 854 3:253:-

156 905 250 984 acie,
263 898 457 995 quodcum
468 891 709 966 totmillibus²
730 908 826 964 certe
833 899 1004 972 Boiorum
1018 918 1124 964 nemo
1134 909 1220 964 ante

156 1033 194 1079 se
221 1015 417 1106 imperator
430 1007 672 1103 pugnaverit:
688 1003 777 1101 plus
791 1020 939 1102 partem
960 1005 1150 1075 dimidiam
1171 1030 1220 1075 esc

156 1123 421 1216 quinquaginta
439 1112 597 1185 millibus
616 1113 805 1185 hominum
823 1111 990 1202 coesam3,
1010 1114 1124 1186 multa
1138 1114 1218 1186 mil-

156 1227 206 1298 lia
224 1244 354 1325 capta:
370 1249 472 1297 senes
482 1248 692 1322 puerosque
706 1229 803 1295 Botis
817 1249 1011 1321 superesse.
1034 1231 1164 1323 Itaque
1181 1226 1223 1296 id

155 1361 376 1435 quemquam
393 1339 521 1405 mirari
527 1358 656 1432 posse,
673 1358 740 1404 cur
754 1339 872 1405 victor
888 1339 1086 1423 exereitus,
1104 1360 1218 1433 quum

154 1448 291 1518 hostem
310 1453 348 1516 in
360 1448 549 1544 provincia
566 1449 745 1514 neminem
762 1442 978 1540 reliquisset,
993 1448 1149 1515 Romam
1163 1469 1220 1516 ve

154 1562 248 1638 nerit
263 1557 316 1627 ad
330 1553 585 1627 celebrandam
609 1552 764 1623 consults
784 1552 1033 1650 triumphum?
1053 1557 1217 1645 Quorum

154 1666 307 1738 militnm
321 1671 356 1737 si
368 1681 405 1736 et
418 1670 457 1735 in
469 1662 546 1736 alia
554 1669 746 1760 provincia
762 1687 874 1760 opera
887 1669 942 1734 nti
953 1679 1099 1736 senatus
1111 1663 1216 1752 velit,
1269 1756 1273 1763 ,

154 1793 233 1848 atro
260 1775 407 1847 tandem
434 1774 543 1849 modo
562 1779 803 1871 promptiores
827 1775 881 1844 ad
900 1773 1217 1873 aliudperionlnm

153 1909 357 1983 novumque
371 1882 535 1967 *laborem
553 1888 664 1954 ituros
683 1883 824 1970 credat,
842 1891 877 1954 si
882 1884 1071 1982 persoluta
1085 1891 1219 1956 iissine

152 1996 404 2067 detrectatione
418 1998 551 2091 prioris
565 1992 725 2090 periculi
746 1992 974 2091 labon'sqnei
998 2019 1131 2066 merces
1151 2002 1215 2083 sit,

154 2132 203 2176 aa
229 2111 263 2177 si
283 2130 384 2202 spem
399 2128 474 2203 pro
501 2127 540 2174 re
547 2105 711 2193 florentes
733 2103 942 2190 dimittant„
943 2106 1029 2200 jam
1049 2104 1163 2175 semei
1178 2110 1216 2175 in

144 2221 271 2312 prima
287 2239 352 2313 spe
373 2215 564 2311 deceptos?
582 2218 697 2297 Nam,
714 2214 817 2311 quod
836 2214 890 2284 ad
905 2239 945 2285 se
964 2221 1134 2300 attineat,
1146 2215 1219 2296 sibi

148 2326 277 2421 glorioe
289 2332 327 2396 in
341 2350 484 2396 omnem
498 2330 615 2395 vitam
634 2323 695 2395 ttlo
713 2324 773 2395 die
785 2331 873 2395 satis
888 2321 1104 2422 quoesitam⁵
1121 2349 1216 2411 esse,

151 2461 224 2532 quo
249 2441 437 2521 sevirum
464 2440 639 2532 optimum
655 2434 864 2530 judicatum
891 2436 945 2506 ad
966 2436 1215 2533 aecmiendam

187 2694 213 2727 a.
227 2677 301 2740 Quod
309 2693 363 2725 eom
377 2689 414 2726 tot
424 2678 484 2729 miii.
491 2713 500 2736 ,
513 2679 558 2726 Ms
567 2677 660 2726 Buslid.
704 2679 801 2744 Scipio,
815 2679 863 2728 boc
879 2679 910 2728 de
924 2694 970 2727 ruo
981 2680 1004 2728 ei
1014 2680 1114 2744 lirgitur
1124 2691 1172 2740 est,
1187 2693 1215 2730 ut

151 2758 194 2821 qni
213 2773 269 2804 cam
290 2757 413 2815 miiiibns;
437 2756 502 2805 unde
521 2757 618 2806 Ruben.
636 2768 660 2806 et
704 2774 769 2823 sepe
788 2757 899 2806 historici
919 2759 947 2806 in
966 2759 1136 2818 orationihus,
1155 2777 1216 2824 quse

151 2838 229 2884 Gran.
243 2837 309 2896 conj.
323 2846 445 2900 quaterem
454 2834 571 2892 millibus,
586 2833 659 2901 prob.
702 2838 757 2887 aliie
769 2837 893 2896 tribuunt,
911 2838 987 2887 multe
997 2841 1214 2903 exaggerent,Va-

150 2915 221 2964 ΟΜ.
235 2915 274 2963 Ibi
288 2914 376 2979 legitur
388 2917 414 2963 iu
430 2917 491 2964 Lov.
505 2916 534 2974 3,
554 2927 580 2964 et
593 2917 662 2981 qnod
702 2916 776 2965 letius
792 2918 880 2966 Antias
896 2935 948 2967 non
958 2918 1057 2968 ridetur
1070 2934 1099 2966 eo
1116 2920 1215 2967 nomine

149 3012 203 3042 enm
223 2993 327 3042 millibus
348 2995 374 3041 in
395 2998 456 3047 hor.
470 3012 493 3042 ι.
512 2995 610 3043 Indicit
625 2998 658 3043 ite
703 2995 826 3044 notandus
846 2998 949 3046 fuisse».
978 3025 1013 3035 --
1039 2999 1098 3045 Utro
1115 2999 1214 3046 tandem

149 3073 292 3130 Cornelius,
307 3084 345 3120 tot
358 3072 659 3138 seGeilospraeliointer-
703 3074 775 3122 modo
790 3074 951 3139 promptiores
961 3109 1020 3124 .....
1030 3076 1104 3125 ituros
1121 3077 1213 3125 eredat.

149 3152 247 3210 iecisse,
260 3163 323 3214 quot
338 3167 393 3199 curn
403 3151 494 3209 Gallis,
506 3162 571 3199 certe
582 3153 659 3201 Gallis
702 3153 792 3200 Ultima
804 3169 856 3201 vox
869 3154 940 3203 Crev.
954 3170 1129 3219 supervacanea
1146 3156 1213 3204 vide-

149 3231 228 3289 Boiis,
237 3245 311 3277 nemo
325 3240 382 3277 ente
393 3241 525 3294 pugnarem
534 3230 609 3281 Drsk.
703 3242 755 3290 tur,
773 3241 797 3280 et
806 3231 839 3280 ab
847 3233 894 3281 illie
902 3233 985 3281 addita
994 3234 1037 3297 qui
1051 3235 1138 3298 aliquo
1147 3236 1214 3283 velut

185 3311 208 3358 3.
219 3310 276 3357 Pius
293 3325 364 3373 quem
371 3319 470 3373 partem
483 3308 611 3357 dimidiam
626 3326 658 3357 ea
702 3309 780 3358 fulcro
794 3309 842 3358 hoc
853 3322 968 3376 putarent
980 3313 1115 3362 membmm
1128 3330 1214 3378 egere,

62 3387 64 3395 '
149 3387 284 3436 Lmiiiibm
299 3386 423 3435 hominnm
439 3389 659 3445 casam-vidend
702 3388 760 3436 dum
781 3405 833 3438 non
856 3403 926 3454 egeat
948 3392 1041 3456 magis,
1068 3408 1141 3456 quem
1164 3393 1213 3441 hoc

149 3469 193 3525 tv,
212 3468 258 3531 52,
271 3482 297 3515 n.
308 3469 333 3514 6.
352 3466 409 3514 Pius
414 3478 489 3531 parte
497 3465 602 3515 dimidia
611 3483 658 3515 car·
701 3468 775 3533 prulo
788 3470 917 3534 superius:
934 3470 963 3519 id
973 3487 1118 3536 quemquam
1127 3471 1215 3520 mirari

147 3563 200 3593 sam
218 3544 322 3593 malebat
335 3547 414 3594 Grou.
429 3544 478 3593 sid
491 3544 531 3594 vel
543 3547 579 3594 sic
597 3562 660 3611 pree,
698 3553 790 3612 posse?
802 3565 885 3596 verum
893 3550 1109 3600 nuliislibrishae
1124 3551 1213 3600 conflr-

146 3623 236 3673 stiterit
240 3622 297 3686 plus
303 3634 402 3687 partem
415 3622 545 3672 dimidiam
554 3640 642 3673 cresum
647 3660 655 3682 ,
702 3639 782 3676 matur
799 3629 947 3689 conjectura.
964 3632 1010 3678 En.

145 3701 214 3767 quod
225 3701 345 3765 loquendi
357 3717 432 3765 genus
443 3701 497 3766 ipse
505 3705 616 3752 Gronov.
625 3703 657 3752 ed
737 3713 762 3762 4.
770 3706 827 3754 Sim
832 3706 1006 3756 detrectatione
1011 3706 1101 3772 prioris
1108 3711 1214 3775 periculi

149 3784 253 3840 ml,
268 3784 316 3839 34,
330 3793 384 3830 not.
395 3798 419 3842 7,
428 3799 460 3830 ex
471 3782 496 3831 h.
508 3783 526 3831 l.
539 3783 654 3844 illustret,
700 3784 851 3850 laborisque,
871 3798 898 3835 ut
911 3789 1211 3853 xxxv111‚49‚dem-

129 3888 132 3893 -
146 3859 221 3908 Drrk.
231 3860 336 3908 Gravius
345 3872 397 3918 eet,
408 3860 477 3925 quod
485 3861 577 3910 Duker.
587 3873 656 3911 nota·
699 3874 767 3910 ctare
775 3863 852 3920 vires,
862 3865 983 3924 deterere,
992 3867 1143 3925 imminuere,
1152 3884 1211 3931 pro·
1288 3855 1293 3865 ⁶

146 3942 183 3990 vit
195 3956 202 3990 :
216 3963 229 3982 a«
242 3940 269 3988 si
279 3957 362 3989 verum
373 3953 425 3999 ert,
442 3942 566 3990 consulem
575 3942 655 4007 ipeum
699 3941 753 4005 prie
773 3941 804 3989 de
827 3943 858 3990 iis
875 3944 968 4008 aliquid
986 3945 1127 3994 detrahere:
1144 3948 1212 3994 unde

146 4023 172 4067 in
183 4029 268 4067 senatu
277 4018 344 4068 hunc
353 4035 479 4069 numerum
488 4035 606 4069 cesorum
614 4021 657 4070 ho·
700 4020 782 4068 sorren
796 4021 843 4086 leg.
856 4022 1004 4071 detractatio
1021 4035 1045 4072 et
1061 4025 1210 4074 detractare.

145 4098 218 4146 stium
228 4097 350 4158 retulisse,
366 4097 652 4173 noniritieoffluomodo
701 4103 792 4151 Confer
814 4113 894 4152 temen
917 4103 950 4151 ad
970 4104 1058 4152 librum
1079 4108 1133 4163 ΙΙΙ,
1155 4124 1209 4172 cap.

144 4177 346 4240 Livio,cep.38,
364 4187 474 4240 suspecta
484 4178 653 4242 essepotuerit
697 4182 744 4240 60,
763 4198 788 4231 n.
799 4183 824 4230 5.

144 4251 207 4304 fides
219 4255 310 4303 Valerii
329 4255 454 4313 Antiatis,
472 4256 515 4319 qui
536 4258 654 4326 mm
734 4261 757 4310 5.
768 4261 997 4326 Sibigioriae...iiio
1005 4264 1115 4313 dietatis
1124 4267 1211 4328 qnaesi-

84 4331 87 4335 ’
143 4334 221 4382 miliia
244 4333 359 4380 Boiorum
382 4332 499 4382 cecidisse
516 4335 652 4399 scripserat.
698 4339 993 4405 tumesse(videad11,
1014 4344 1209 4408 43‚n.7),qno

145 4413 188 4460 Sin
201 4423 280 4483 antem
290 4411 351 4474 ipse,
360 4426 410 4473 quo
419 4412 546 4471 justiorem
556 4429 652 4462 cauum
697 4433 723 4464 se
731 4418 813 4489 virum
820 4419 952 4484 optimum.
960 4435 1096 4478 ..senatos;
1110 4423 1167 4470 vide
1177 4426 1210 4470 ad

144 4490 261 4555 triumphi
282 4488 381 4553 petendi
402 4489 524 4540 videretur
539 4492 652 4542 hebuisse
695 4497 801 4561 xxix,
819 4505 858 4552 14.
