2722 5040
142 714 262 827 Ιζὲῐὲζέῑ
433 738 524 807 mr.
551 740 650 808 xm.
677 735 843 806 surm..
1107 733 1176 806 535

115 857 209 943 plane
230 879 282 920 res
303 881 341 920 ac
365 858 512 941 victoria,
528 860 710 948 complures
733 873 819 922 certe
837 858 975 946 populos
994 858 1177 938 Gracchus,

114 975 212 1045 atque
225 957 306 1022 adeo
323 974 422 1023 totam
439 960 675 1026 Celtiberorum
687 974 816 1049 gentem
833 955 1027 1047 perdomuit.
1049 960 1178 1047 Cepisse

114 1081 191 1121 eum
207 1076 239 1123 et
253 1061 403 1125 evertisse
420 1076 578 1128 trecentas
593 1085 632 1127 ex
651 1062 712 1125 illis
732 1061 847 1143 urbes,
864 1082 1061 1148 quamquam
1079 1061 1177 1149 Poly-

113 1158 188 1222 bius
201 1160 304 1249 gravis
320 1160 466 1250 inprimis
479 1179 593 1228 auctor
602 1178 777 1244 memorat,
789 1160 878 1225 haud
890 1177 999 1225 tamen
1013 1184 1072 1249 pro
1088 1177 1177 1225 certo

112 1258 272 1325 affirmare
291 1262 414 1342 ausim,
441 1262 503 1326 nisi
524 1263 551 1326 si
573 1262 704 1326 urbium
723 1263 856 1326 nomine
876 1278 980 1326 turres
998 1278 1031 1325 et
1052 1262 1178 1326 castella

113 1360 318 1450 intelligenda
337 1378 439 1427 sunt:
462 1386 529 1450 quo
553 1362 710 1428 mendacii
734 1385 851 1452 genere
875 1380 908 1427 et
931 1363 993 1451 ipsi
1013 1363 1173 1427 bellorum

113 1459 232 1543 duces,
249 1480 282 1526 et
296 1464 465 1551 scriptores
477 1461 612 1552 quoque
621 1464 828 1528 historiarum
841 1487 892 1528 res
904 1479 1007 1552 gestas
1021 1485 1176 1528 exornare

112 1579 230 1626 amant.
241 1564 324 1628 Nam
338 1565 491 1653 Hispania
504 1565 637 1653 quidem
648 1563 739 1629 arido
755 1580 788 1629 et
803 1565 927 1629 inculto
941 1565 1012 1629 solo
1024 1586 1173 1654 magnam

114 1664 246 1728 urbium
269 1666 512 1737 multitudinem
535 1667 619 1731 alere
638 1689 705 1730 non
723 1681 840 1754 potest.
864 1668 1061 1756 Repugnant
1081 1667 1177 1730 etiam

113 1765 331 1858 Hispan-orum
350 1791 473 1850 mores,
493 1769 520 1833 si
545 1769 667 1834 accolas
692 1769 795 1832 nostri
819 1767 916 1832 maris
940 1768 1094 1856 excipias,
1115 1768 1175 1832 feri

113 1882 333 1956 agrestesque,
354 1892 456 1956 quum
473 1868 621 1934 civilibus
637 1868 770 1932 urbium
789 1869 1005 1934 conventibus
1028 1892 1177 1934 mansue-

113 1968 194 2032 tiora
211 1967 280 2033 fieri
298 1970 422 2034 soleant
435 1970 607 2034 hominum
618 1970 758 2059 ingenia.
773 1971 932 2034 Caeterum
947 1968 1027 2058 quid
1037 1985 1177 2034 statuen·
1265 1958 1268 1968 λ

113 2068 192 2132 dum
206 2069 248 2133 sit
261 2068 302 2132 de
319 2092 456 2135 numero
469 2087 526 2136 aut
539 2094 657 2162 genere
673 2070 805 2135 urbium
822 2095 841 2135 a
857 2071 1051 2158 Sempronio
1067 2087 1175 2159 capta·

112 2193 185 2235 rurn
198 2170 339 2258 (etenim
355 2172 390 2235 in
406 2195 545 2237 numero
561 2174 686 2237 variant
699 2195 832 2260 quoque
848 2174 1031 2261 scriptores,
1048 2188 1081 2236 et
1096 2194 1173 2236 cen·

112 2289 182 2337 tum
201 2274 435 2363 quinquaginta
450 2275 519 2356 alii,
536 2275 589 2338 alii
606 2291 737 2339 centum
754 2274 814 2338 tria
829 2274 948 2363 oppida
970 2274 1011 2338 ab
1026 2297 1067 2338 eo
1085 2289 1175 2361 capta

112 2378 366 2457 memoraver'e),
380 2398 511 2465 magnas
527 2392 613 2440 certe
627 2376 680 2440 ille
692 2399 742 2441 res
761 2362 875 2464 gessit5
893 2399 952 2441 nec
965 2375 1087 2439 bellicis
1103 2391 1175 2440 tan·

113 2488 181 2536 tum
199 2475 348 2540 inclaruit
361 2475 529 2556 laudibus,
546 2476 651 2540 sedet
668 2476 834 2567 egregium
850 2499 885 2541 se
898 2478 984 2565 pacis
1000 2477 1175 2566 legumque

112 2574 347 2641 moderatorem
366 2593 398 2641 et
421 2577 579 2641 arbitrum
596 2576 729 2650 devictis
748 2578 900 2668 gentibus
922 2578 1069 2666 praebuit.
1091 2578 1173 2642 Nam

39 2698 42 2707 ·
111 2691 144 2738 et
160 2673 267 2740 divisit
280 2677 434 2766 inopibus
449 2700 581 2768 agrum,
598 2693 631 2742 et
644 2676 736 2742 sedes
752 2678 793 2743 ad
807 2677 1019 2743 habitandum
1032 2679 1175 2768 assigna·

111 2776 174 2857 vit,
193 2794 226 2842 et
241 2780 394 2844 omnibus
410 2803 447 2844 ea
465 2782 535 2845 loca
548 2778 765 2844 incolentibus
781 2782 910 2870 populis
927 2783 1011 2871 leges
1027 2798 1190 2866 accurate

111 2876 301 2969 descriptas,
316 2880 486 2969 exquibus
501 2883 535 2944 in
550 2882 688 2946 amicitia
704 2898 742 2946 ac
755 2885 908 2948 societate
918 2882 1031 2970 populi
1047 2883 1172 2946 romani

109 2978 271 3064 viverent,
283 2982 359 3047 dato
372 2999 570 3072 acceptoque
580 2982 789 3065 jurejurando
801 2982 948 3049 firmavit.
960 2984 1067 3068 Atque
1075 2982 1173 3061 hujus

111 3079 243 3166 quidem
255 3083 383 3149 foederis
391 3085 616 3150 auctoritatem
628 3086 743 3174 sepius
756 3084 938 3170 imploravit
948 3105 1087 3168 sequens
1097 3098 1172 3146 aetas

109 3185 144 3245 in
169 3183 277 3265 bellis,
303 3209 374 3274 quae
400 3204 511 3275 postea
533 3203 603 3249 orta
629 3201 715 3249 sunt.
735 3184 899 3248 Gracchus
920 3198 1170 3245 monumentum

109 3284 237 3350 virtutis
249 3310 451 3376 operumque
464 3310 599 3352 suorum
614 3284 825 3350 Gracchurim
836 3283 952 3347 urbem
962 3305 1023 3347 suo
1038 3284 1171 3347 nominc

111 3386 269 3475 insignem
297 3409 366 3452 esse
394 3389 511 3467 voluit,
532 3408 603 3472 quae
638 3401 731 3448 autea
769 3384 895 3447 lllurcis
932 3382 1168 3447 nominabatur.

109 3487 268 3551 Postumii
283 3510 392 3549 rerum
408 3489 490 3550 fama
506 3485 675 3549 obscurior
695 3500 751 3547 est.
764 3485 886 3547 Vaccaei
901 3499 1008 3546 tamen
1021 3484 1062 3547 ab
1079 3506 1119 3546 eo
1138 3501 1169 3546 et

109 3586 252 3650 Lusitani
270 3586 394 3650 subacti
410 3602 505 3667 sunt,
523 3601 555 3648 et
572 3584 780 3674 quadraginta
792 3607 836 3648 ex
851 3584 901 3647 his
917 3584 1045 3671 populis
1062 3584 1169 3647 homi-

110 3709 188 3750 num
205 3686 302 3750 millia
319 3686 489 3751 interfecti.
502 3686 560 3750 llis
577 3686 675 3751 rebus
689 3685 785 3775 gestis
801 3685 910 3765 ambo,
922 3683 1168 3750 advenientibus

108 3789 346 3853 successoribus
359 3789 518 3852 exercitus
530 3810 567 3852 ac
582 3788 761 3875 provincias
778 3810 880 3875 quum
898 3784 1112 3866 tradidissent,
1126 3789 1167 3853 ad

107 3890 311 3978 triumphum
329 3891 544 3955 decesserunt.

151 3989 242 4076 (W).
256 3993 295 4056 In
308 3991 406 4057 Gallia
412 3990 552 4056 Manlius
562 3992 686 4072 consul,
699 3992 751 4056 cui
762 4013 798 4055 ea
808 3992 972 4078 provincia
982 3993 1167 4067 obvenerat,

142 4209 545 4274 §111.Di0d0r.2pudv11a.-
559 4211 665 4275 Appicn.
676 4209 746 4257 Alex.
762 4221 786 4257 et
802 4210 865 4257 lber.
884 4238 918 4248 -
935 4215 1044 4263 Frontiu.
1063 4216 1163 4273 stmug.

108 4296 146 4350 ll,
163 4293 367 4354 5.-t.tv.x1.,
388 4301 433 4354 493
449 4294 514 4357 Epit.
535 4297 600 4343 xtl.
620 4319 654 4329 -
676 4293 755 4340 Strab.
771 4295 823 4352 ΙΙΙ,
840 4310 895 4359 pag.
917 4298 972 4345 163.
993 4325 1025 4333 --
1042 4295 1105 4342 l‘lor.
1126 4296 1165 4341 ΙΙ.

111 4391 152 4434 17.
169 4405 201 4412 ··-
218 4380 308 4425 Festus.
327 4404 360 4413 -
377 4378 450 4425 Oros.
471 4379 514 4438 tv,
537 4393 579 4425 ao.
603 4375 670 4440 —S
693 4377 737 4423 IV.
763 4375 827 4424 Flos.
847 4379 884 4439 ΙΙ,
909 4396 947 4426 ιο.
969 4406 1003 4415 -
1023 4374 1166 4434 Ιίν.ὶιιΙτι,

110 4473 167 4523 yet
192 4479 231 4508 ιι.
1106 4492 1122 4527 ,Ι
