2722 5040
559 11 637 52 w,
655 2 704 57 qu
798 0 822 25 -.

166 74 329 168 pracsidio
357 74 639 167 quingentorum
666 74 826 166 equiturn
856 98 874 139 r

165 184 351 250 Gallorum
371 182 417 250 ilii
439 186 533 266 risu,
551 207 730 273 regressus
748 184 784 248 iu
804 197 876 249 cust

167 293 273 361 iidem
292 292 465 374 redeunt,
481 307 708 380 excusantes,
730 292 882 389 religion

166 427 269 498 reges
285 426 360 472 nou
373 425 502 499 posse:
522 401 702 499 principes
717 402 854 499 gentis,
873 428 884 499 Ι

166 512 315 611 transigi
334 525 477 609 posset,
498 525 683 583 venturos.
701 510 839 583 Consul
852 535 889 583 se

167 622 361 695 missurum
376 621 475 693 dixit.
490 620 547 693 Ad
560 620 631 692 hoc
644 620 869 719 colloquium
885 648 893 692 ι

168 747 233 805 est.
259 738 455 805 Trecentos
484 733 624 831 equites
644 732 783 804 Attalus
809 756 896 830 praes

169 842 397 928 adduxisset,
420 842 523 937 jactae
551 856 634 913 sunt
659 843 757 940 pacis
779 840 900 914 condit

169 955 255 1052 quia
272 952 481 1025 absentibus
503 951 656 1025 ducibus
674 954 814 1051 imponi
832 976 903 1023 non

169 1067 241 1151 nit,
262 1065 316 1134 uti
334 1062 462 1135 consul
480 1087 654 1161 regesque
673 1089 717 1134 eo
735 1063 815 1134 loco
831 1076 907 1160 post

169 1174 355 1247 derentur.
370 1174 567 1244 Frustratio
586 1173 772 1244 Gallorum
790 1196 836 1244 eo
855 1197 910 1271 spi

171 1298 212 1356 ut
229 1298 390 1357 tererent
412 1296 577 1380 tempus,
598 1281 715 1355 donec
732 1307 790 1354 res
811 1307 914 1369 suas,

171 1393 239 1465 tari
253 1391 427 1464 uolebant
436 1395 464 1477 ⁴,
485 1416 568 1465 cum
582 1391 800 1491 conjugibus
813 1417 854 1464 ac
867 1390 916 1463 lib

170 1502 309 1574 flumen
328 1501 554 1599 trajicerent;
574 1501 704 1575 deinde
723 1501 822 1600 quod
842 1502 912 1600 ipsi

172 1629 278 1685 cauto
288 1612 458 1685 adversus
469 1612 640 1710 colloquii
654 1612 834 1702 fraudem,
847 1613 915 1685 insi

170 1724 313 1797 adeam
332 1747 408 1795 rem
429 1747 475 1794 ex
495 1727 595 1795 omni
615 1749 767 1796 numero
786 1722 916 1796 audaci

172 1848 303 1933 gerunt
327 1834 478 1931 equites.
503 1838 547 1906 Et
575 1836 801 1907 successisset
825 1832 917 1907 fraur

208 2047 269 2095 Cu.
283 2045 365 2091 XXV.
379 2034 401 2091 i.
416 2041 459 2089 Ad
471 2046 611 2108 Ancyram,
632 2056 680 2095 etc.
726 2060 815 2101 uoces,
826 2042 916 2115 verba,

174 2124 241 2173 conl.
252 2122 341 2188 Polyb.
355 2122 447 2181 xxn,
460 2137 503 2170 aa.
519 2152 554 2161 —
564 2125 682 2190 Praepoti-
726 2140 785 2190 pro,
801 2122 854 2182 edi,
869 2138 916 2186 pro

174 2203 211 2253 tio
222 2202 268 2259 ad,
284 2203 375 2258 quein
388 2200 532 2246 quibust-⁸
544 2203 574 2226 '⁹²
594 2204 600 2219 '
