2722 5040
745 536 751 567 t

146 715 217 801 464
580 718 619 785 T·
645 718 775 786 lell
1056 701 1120 804 3:21
1136 706 1182 817 231:

145 864 205 921 sus
223 835 367 908 fratrem
387 834 434 907 de
457 859 569 932 regno
591 836 807 909 habitomm.
828 843 920 927 Hos,
945 852 1117 936 tanquam
1133 863 1207 911 me-

144 950 244 1038 dios,
261 972 328 1018 nec
345 948 381 1017 in
402 945 546 1018 alterius
567 944 724 1020 favorem
742 949 949 1036 inclinatos,
971 949 1116 1021 miserat
1131 974 1205 1022 rex.

145 1066 254 1131 Erant
277 1073 397 1128 autem
418 1055 510 1127 ethi
531 1060 648 1129 Persei
666 1057 800 1130 fraudis
822 1061 859 1129 in
888 1057 1032 1131 fratrem
1054 1061 1207 1133 ministri

144 1186 181 1240 et
207 1169 405 1266 participes.
427 1168 648 1255 Demetrius,
668 1169 853 1255 omnium,
875 1184 1114 1268 praeterquam
1135 1169 1207 1242 fra·

143 1281 237 1351 terni
255 1272 431 1361 sceleris³,
452 1275 552 1373 quod
571 1303 687 1376 nuper
702 1295 885 1377 eruperat,
902 1281 1067 1378 ignarus,
1088 1284 1207 1380 primo

145 1415 263 1487 neque
276 1411 461 1486 magnam,
475 1411 592 1483 neque
611 1388 746 1459 nullam
760 1412 861 1486 spem
877 1389 1048 1479 habebat,
1068 1407 1205 1489 patrem

145 1500 213 1571 sibi
231 1499 362 1596 placari
381 1520 496 1595 posse.
519 1497 639 1567 Minus
656 1495 786 1568 deinde
804 1499 841 1567 in
861 1497 936 1570 dies
957 1501 1067 1596 patris
1086 1502 1206 1572 animo

145 1609 298 1695 fidebat,
323 1632 437 1706 quum
460 1604 616 1678 obsideri
634 1632 736 1678 aures
754 1632 774 1678 a
789 1606 922 1680 fratre⁴
942 1626 1113 1682 cerneret.
1136 1616 1206 1682 Ita·

145 1745 236 1818 que,
256 1718 546 1814 circumspiciens
562 1717 655 1788 dicta
677 1715 840 1815 factaque
858 1743 942 1805 sua,
959 1743 1005 1790 ne
1023 1721 1128 1817 cnjus
1145 1747 1206 1792 su-

87 1852 93 1867 *
144 1830 322 1928 spiciones
340 1842 503 1924 augeret,
520 1828 673 1897 maxime
688 1825 735 1897 ab
751 1829 851 1898 omni
867 1831 1051 1918 mentione
1069 1845 1106 1901 et
1124 1855 1207 1901 con·

144 1942 286 2038 sagione
298 1932 570 2009 Romanorum⁵
588 1935 810 2024 abstinebat3
825 1952 866 2008 ut
881 1962 1000 2036 neque
1018 1937 1126 2009 scribi
1139 1937 1206 2010 sibi

144 2050 269 2137 vellet,
283 2047 452 2147 quiahoc
466 2049 645 2145 praecipue
656 2048 849 2118 criminum
863 2071 992 2144 genere
1007 2048 1206 2146 exasperari

144 2164 303 2233 animum
322 2157 508 2230 sentiebat.

193 2277 288 2342 XXI.
303 2270 509 2367 Philippus,
529 2268 635 2340 simul
653 2293 698 2339 nc
712 2271 786 2340 otio
801 2269 903 2341 miles
920 2269 1076 2340 deterior
1087 2268 1207 2357 fieret,

144 2383 251 2453 simul
268 2381 467 2452 avertendae
484 2381 695 2477 suspicionis
711 2405 816 2451 causa
831 2379 1029 2478 quidquam
1044 2406 1065 2451 a
1081 2405 1120 2451 se
1134 2380 1207 2478 agi-

145 2494 212 2563 tari
230 2491 275 2562 de
299 2515 450 2562 romano
475 2489 591 2576 bello,
615 2489 745 2562 Stobos
762 2492 910 2562 Paeoniae
933 2491 1092 2560 exercitu
1114 2489 1206 2560 indi·

145 2617 203 2673 cto
215 2613 240 2685 ¹,
258 2603 295 2671 in
314 2600 498 2671 Maedicam
513 2599 644 2671 ducere
664 2601 790 2698 pergit.
811 2599 953 2697 Cupido
967 2623 1051 2669 eum
1066 2613 1209 2695 ceperat

146 2713 182 2780 in
203 2713 374 2781 verticem
397 2711 508 2779 Haemi
537 2712 670 2780 montis
694 2708 926 2796 ascendendi,
949 2711 1035 2805 quia
1058 2708 1206 2804 vulgatae

146 2819 310 2917 opinioni
329 2818 561 2907 crediderat²,
580 2821 767 2891 Ponticum
787 2818 894 2889 simul
914 2834 949 2890 et
967 2816 1206 2889 Hadriaticum

146 2954 243 3000 mare
261 2946 298 3001 et
313 2934 444 3000 Istrum
462 2954 603 3001 amnem
621 2944 658 3002 et
674 2931 779 3028 Alpes
796 2931 955 3028 conspici
973 2954 1077 3028 posse
1095 2956 1102 2997 :
1124 2927 1205 3000 sub-

144 3123 230 3170 nibus:
241 3138 313 3186 quem
323 3119 456 3168 moeubnin
467 3119 654 3185 siveenallngen
735 3132 759 3179 4.
772 3123 850 3185 Quum
868 3121 974 3170 obsideri
989 3137 1061 3168 orares
1079 3137 1096 3168 a
1106 3119 1207 3186 from:

145 3218 215 3251 casus
234 3200 352 3265 exemplis
366 3199 471 3247 illustrat
490 3199 563 3246 Drak.
580 3201 653 3249 Cous.
699 3202 794 3250 vidend
806 3203 902 3261 mv,
916 3208 946 3258 4,
961 3215 985 3247 ιι.
1000 3216 1024 3247 a.
1034 3201 1068 3251 Τὸ
1081 3216 1156 3263 queem
1170 3211 1206 3248 to·

146 3282 177 3330 ad
190 3284 226 3340 11,
245 3282 293 3341 57,
312 3297 338 3330 n.
352 3281 380 3337 33
400 3279 505 3335 nnn,
525 3294 570 3335 ιο,
583 3296 608 3327 n.
623 3293 656 3336 ιι
698 3280 769 3328 lotari
788 3290 884 3345 potest:
903 3277 948 3327 sed
962 3278 1025 3326 forte
1039 3278 1109 3327 melis
1125 3277 1215 3343 cujm-

146 3362 225 3420 xm,
235 3369 282 3419 44,
294 3377 319 3409 n.
334 3367 362 3416 4,
375 3370 400 3406 et
410 3357 442 3405 al.
455 3356 545 3404 Eadem
556 3358 655 3421 loquen·
699 3360 811 3408 Gronov.

147 3440 172 3488 di
192 3443 255 3488 mtio
276 3438 367 3487 Graecis
382 3449 418 3485 est
431 3437 546 3484 solennis.
559 3439 654 3484 -Me-
735 3440 759 3486 5.
779 3436 929 3503 contagione
949 3438 1113 3483 Romanorum
1119 3454 1130 3492 ,·
1154 3433 1206 3482 vide

146 3518 450 3576 dios;ridead1,3a,n.
465 3516 489 3563 5.
698 3518 730 3565 nd
740 3520 775 3573 11,
788 3519 816 3576 5,
830 3534 856 3565 n.
868 3519 892 3565 3.

182 3599 206 3647 3.
221 3601 387 3661 Ρνωιειηιιαηι
392 3594 504 3661 fraterni
516 3593 611 3642 sceleris
624 3610 656 3642 ex
734 3598 797 3646 Cn.
806 3600 878 3645 XXI.
892 3613 913 3644 1.
923 3596 1009 3643 Stobos
1018 3597 1048 3642 Ρ.
1058 3594 1167 3641 excretio
1176 3592 1208 3641 in·

146 3677 186 3726 ed.
199 3677 302 3725 Froben.
316 3677 378 3723 15³1
393 3686 417 3722 et
430 3674 505 3722 1535.
519 3675 549 3720 In
558 3675 620 3722 MSS
631 3684 656 3721 et
699 3675 1046 3735 dicto,·videad1V.‚a5‚n.
1061 3680 1086 3729 t.

147 3755 203 3804 edd.
214 3766 275 3804 ontt.
280 3767 447 3819 proeeerquom
455 3752 571 3819 fraterno
583 3754 656 3800 scele-
736 3772 760 3803 o.
774 3756 838 3818 Quia
855 3748 966 3819 ivulgatte
979 3752 1090 3819 opinioni
1101 3749 1207 3798 credide·

147 3851 187 3893 re,
200 3835 271 3898 prob.
285 3833 359 3881 Drak.
376 3836 412 3882 Eo
424 3831 589 3897 significatur,
604 3848 654 3880 om·
700 3846 754 3893 rat,
767 3852 799 3882 ex
807 3851 837 3882 eo
845 3833 987 3890 Ponticum,
997 3845 1044 3881 etc.
1053 3831 1120 3880 cons.
1130 3829 1207 3877 soah.

147 3914 229 3970 nium,
247 3928 301 3976 quae
321 3913 351 3959 de
368 3928 394 3959 so
413 3923 521 3977 patrem,
543 3912 655 3970 struem,
698 3915 759 3969 vn,
780 3913 808 3970 5,
825 3929 851 3960 ιι.
873 3929 900 3969 ι,
918 3928 974 3976 pag.
1000 3909 1123 3976 313(uhi
1145 3908 1208 3956 beno

147 4003 221 4039 totam
234 3991 313 4039 sulam
327 3993 416 4054 agitare
426 4003 509 4056 posset
524 3991 655 4054 suspicari,
699 4008 798 4056 qnoque
807 3988 919 4056 Polybii,
930 3990 973 4038 sed
983 3989 1066 4037 salsam
1076 3989 1150 4036 fuisse
1158 3985 1209 4051 opi·

146 4071 250 4118 inscium
264 4070 524 4134 suisse‚praeterquam
537 4081 654 4132 quantum
698 4071 796 4118 aionem
823 4069 895 4128 dicit,
921 4068 989 4132 quod
1012 4069 1084 4116 etiam
1113 4064 1206 4121 Livius,

35 4161 41 4173 ·
147 4165 179 4195 ex
191 4147 655 4196 scelerosraternaeaccusationiscolli-
699 4166 752 4214 cop.
767 4143 1206 4212 on,monet),etMela,11‚n‚ubi

147 4237 225 4291 geren
239 4227 456 4289 Gron—Neque
469 4242 597 4290 magnam,
613 4243 654 4274 ne·
699 4229 749 4276 vid.
763 4230 836 4276 Voss.
854 4230 938 4275 Hoemo
959 4243 1001 4275 seu
1021 4228 1092 4274 AEmo
1115 4223 1207 4278 monti.

147 4322 195 4368 que
208 4305 301 4353 niellam
314 4320 380 4370 spem
396 4303 518 4361 habebam
535 4321 584 4353 non
603 4323 655 4370 spe·
699 4310 741 4371 qui
763 4307 890 4354 Threciam
918 4305 1022 4365 dividit,
1046 4301 1206 4363 excessimus

147 4385 215 4433 nbat
235 4383 334 4449 quidem
352 4384 469 4442 multum,
485 4401 535 4432 uon
554 4387 654 4434 onmino
699 4389 776 4445 6‚ooo
790 4401 903 4449 passuum
916 4384 1030 4433 tribuum
1042 4384 1106 4434 Plio.
1120 4384 1164 4441 IV,
1175 4394 1202 4428 ιι

147 4477 228 4512 tamn
242 4464 391 4528 desperabat.
402 4465 446 4512 En.
699 4481 741 4512 seu
756 4465 799 4523 183
808 4460 884 4514 Solio.
901 4461 1204 4525 romanianusdibffl.
