2722 5040
130 833 134 838 ’
163 834 187 931 l:
200 831 225 932 l
239 836 287 939 321:
312 856 397 921 mn
428 857 623 923 xxxvnr.
655 858 749 922 cau
777 857 919 921 xxxv.
946 856 1105 921 xxxvi.
1134 851 1202 921 263

138 973 215 1064 ejus
228 978 269 1042 A.
287 973 449 1042 Caecilius
463 975 643 1045 neminum
661 974 925 1044 condemnavit.
943 974 1035 1048 Ludi
1051 976 1202 1045 Romani

138 1098 211 1167 ter,
227 1080 361 1180 plebeii
372 1084 565 1180 quinquies
579 1086 646 1154 toti
659 1086 856 1156 instaurati.
874 1089 921 1155 M.
937 1086 1099 1155 Valerius
1113 1091 1203 1158 bles·

139 1192 223 1264 salla
246 1193 331 1263 inde
358 1207 394 1262 et
416 1199 453 1263 C.
478 1196 599 1264 Livius
626 1194 805 1267 Salinator
832 1194 1058 1265 consulatum
1083 1193 1203 1266 idibus

138 1304 273 1374 Martiis
287 1328 403 1399 quum
416 1305 583 1391 inissent,
603 1304 648 1376 de
664 1305 860 1401 republica,
876 1304 994 1401 deque
1011 1307 1204 1402 provinciis

139 1428 173 1485 et
194 1413 412 1486 exercitibus
436 1430 601 1487 senatum
627 1411 928 1487 consulitertrnt⁶.
949 1418 1001 1484 De
1020 1415 1145 1487 AEtolia
1169 1429 1205 1486 et
1304 1482 1307 1490 ,

140 1528 217 1597 Asia
236 1525 326 1596 nihil
344 1539 522 1595 mutatum
545 1540 609 1596 est.
635 1524 873 1609 Consulibus,
896 1524 997 1595 alteri
1019 1525 1101 1595 Pisas
1121 1548 1204 1595 cum

139 1635 351 1731 Liguribus,
376 1634 477 1705 alteri
497 1634 612 1707 Gallia
633 1636 816 1731 provincia
842 1633 985 1705 decreta
1006 1645 1079 1701 est:
1104 1657 1204 1706 com·

140 1769 262 1840 parare
284 1746 378 1816 inter
398 1769 456 1828 sc,
476 1758 538 1820 aut
559 1746 677 1814 sortiri
696 1744 806 1837 jussi,
824 1757 859 1812 et
876 1766 989 1814 novos
1010 1742 1205 1828 exercitus,

139 1854 240 1927 binas
265 1853 443 1951 legiones,
470 1854 651 1936 scribere,
678 1869 713 1925 et
737 1869 780 1924 nt
800 1855 904 1924 sociis
927 1853 1027 1924 latini
1051 1855 1207 1925 nominis

140 1965 248 2059 quina
270 1962 364 2035 dena
386 1963 494 2036 millia
511 1963 675 2059 peditum
694 1967 914 2060 imperarent
930 1977 966 2033 et
980 1962 1078 2035 mille
1093 1979 1128 2033 ct
1146 1962 1206 2033 ‹lu-

140 2087 264 2144 centos
284 2076 424 2168 equites
438 2084 463 2140 ⁷.
490 2073 660 2145 Messallae
678 2074 847 2168 Lignum,
868 2072 1057 2144 Salinatori
1077 2072 1207 2168 obtigit

142 2181 265 2252 Gallia.
282 2186 454 2253 Pretores
471 2182 555 2254 inde
573 2184 690 2254 sortiti
705 2197 799 2254 sunt.
818 2188 864 2252 Μ.
882 2180 1032 2253 Claudio
1048 2180 1206 2265 urbana,

142 2293 174 2359 P.
206 2291 356 2363 Claudio
389 2294 575 2389 peregrina
601 2292 801 2386 jurisdictio
828 2293 957 2364 evcnit.
986 2294 1029 2381 Q.
1052 2293 1206 2362 Marcius

141 2399 315 2484 Siciliam,
337 2404 376 2470 C.
396 2403 586 2473 Stertinius
605 2402 823 2486 Sardiniam,
844 2407 883 2473 L.
907 2401 1062 2472 Manlius
1080 2403 1207 2498 Hispa-

142 2512 235 2580 niam
256 2511 479 2596 citeriorem,
496 2515 534 2583 C.
554 2514 694 2583 Atinius
711 2513 918 2585 ulteriorem
940 2525 992 2583 est
1009 2512 1166 2584 sortitus.

187 2624 346 2693 XXXVI.
372 2627 426 2692 De
445 2621 664 2695 exercitibus
682 2625 730 2693 ita
750 2624 909 2720 placuit:
929 2647 948 2692 e
968 2621 1082 2695 Gallia
1097 2621 1205 2718 legio·

143 2754 225 2816 nes,
243 2756 325 2827 quae
344 2731 413 2801 sub
433 2738 472 2805 C.
493 2732 601 2804 Laelio
620 2732 782 2819 fucrant,
801 2734 846 2804 ad
862 2739 910 2804 M.
932 2734 1103 2805 Tuccium
1122 2757 1205 2829 pro·

144 2855 331 2935 praetorem
350 2843 388 2912 in
404 2845 561 2914 Bruttios
577 2842 734 2929 traduci3
755 2859 809 2930 et,
827 2846 891 2939 qni
908 2845 945 2913 in
961 2841 1077 2913 Sicilia
1095 2856 1204 2939 esset,

143 2948 271 3020 ‹limitti
290 2953 509 3039 exercitum3
527 2967 563 3023 et
578 2954 747 3039 classem,
765 2978 844 3049 qna·
863 2952 914 3023 ibi
930 2957 1205 3051 esset,Romam

144 3062 314 3135 reducere
333 3069 380 3132 Μ.
401 3066 653 3161 Sempronium
673 3081 942 3164 propraetorem.
963 3066 1141 3161 Hispaniis
1158 3065 1206 3137 lc-

144 3323 232 3370 tribuui
250 3323 414 3387 pl.),pcsult
434 3325 460 3370 in
479 3327 600 3388 Capitolio
619 3344 650 3374 ex
694 3328 781 3374 minem
800 3329 987 3382 condemnasse,
1006 3342 1057 3373 uon
1073 3325 1206 3393 siguificat,

144 3403 241 3452 mulcta:
251 3404 345 3466 collega
355 3404 405 3468 ejus
413 3404 531 3452 neminem
540 3406 650 3453 condem·
694 3407 815 3455 neminem
834 3407 864 3453 ab
881 3423 911 3453 eo
926 3416 1078 3462 accinctum,
1095 3405 1137 3451 sed
1151 3421 1208 3459 eos,

144 3481 220 3540 travit,
233 3482 285 3530 vid.
296 3485 357 3539 vll,
370 3484 414 3542 16,
423 3499 448 3530 n.
463 3485 495 3540 6,
506 3496 530 3531 et
544 3486 649 3541 anst,
694 3485 736 3547 qui
753 3485 858 3534 accusati
873 3495 957 3540 amnt,
973 3484 1099 3530 absolutos
1117 3484 1204 3531 luisse:

148 3576 191 3618 ιο,
203 3577 226 3607 ιι.
242 3562 268 3609 5.
287 3563 351 3610 Nota
368 3561 460 3609 Duleri
480 3575 531 3610 est:
548 3585 560 3603 ιι
569 3564 651 3612 Livius
695 3579 751 3611 nam
767 3571 895 3625 utrumque
909 3577 1050 3618 accusasse,
1064 3574 1206 3624 argumento

143 3638 262 3702 plerisque
279 3640 340 3688 locis
352 3641 386 3687 ita
407 3641 437 3687 de
458 3642 651 3691 accusationibus
695 3653 746 3700 est,
765 3641 833 3705 quud
855 3641 914 3689 dicit
932 3641 1059 3704 separatim
1079 3656 1206 3688 accusave-

143 3717 246 3765 edilium
255 3719 365 3783 loquitur
373 3755 379 3777 ,
386 3731 413 3766 ut
420 3732 548 3784 appareat,
557 3720 651 3778 aedsses,
695 3733 764 3776 rant,
780 3736 830 3768 non
840 3722 872 3780 Q.
887 3719 985 3767 Fulvius
994 3719 1122 3783 separatim
1133 3735 1206 3767 accu-

144 3806 189 3843 um
207 3797 317 3856 curules,
327 3814 399 3861 quam
412 3798 504 3862 plebis,
521 3800 651 3848 accusatio·
696 3811 793 3849 severat
806 3823 825 3845 s.

144 3891 183 3923 nes
208 3877 368 3925 communiter
394 3877 520 3925 instituere
547 3879 648 3937 solitos,
728 3881 753 3927 6.
765 3881 800 3926 De
819 3879 958 3942 republica,
981 3879 1058 3941 deque
1076 3878 1206 3941 provusce't's

144 3953 237 4002 videet]
250 3958 333 4013 XXV,
345 3973 378 4013 a;
394 3959 504 4015 XXVII,
520 3958 550 4017 6,
560 3959 649 4018 XXX,
694 3970 717 4005 et
729 3958 872 4009 exercitibus
892 3970 1003 4008 senatrun
1020 3959 1192 4006 consuluerunt
1197 3978 1207 4015 ,·

144 4034 334 4094 393xll1111,
351 4037 400 4092 25,
415 4043 461 4093 ta;
477 4037 585 4094 XXXV,
604 4053 648 4093 ιο,
695 4038 751 4084 vids
770 4037 801 4083 ad
821 4039 873 4098 tx,
887 4040 915 4093 8,
929 4054 953 4085 u.
976 4053 996 4085 ι.
1009 4065 1043 4074 -
1057 4038 1207 4101 Comparare

143 4118 183 4164 tr.
196 4112 227 4158 Et
239 4113 274 4159 sic
288 4104 313 4159 b.
327 4113 344 4161 l.
358 4113 388 4160 de
401 4114 512 4162 aedilibus
524 4115 650 4164 curulibus
694 4117 755 4162 inter
766 4132 792 4162 se
801 4130 846 4163 αιιι
856 4117 938 4164 sortiri
942 4136 951 4173 ,·
966 4117 1017 4166 vid.
1036 4119 1088 4173 111,
1100 4133 1129 4173 a,
1143 4133 1168 4164 ιι.
1184 4133 1208 4164 ι.

140 4190 231 4238 scribit.
247 4193 364 4255 Exempla
381 4195 541 4242 accusationis
556 4195 649 4244 abnuo
731 4211 753 4254 7.
776 4197 807 4241 Ut
825 4195 896 4243 sociis
914 4195 986 4243 latini
1006 4196 1109 4243 nonsine's
1131 4195 1207 4258 quina

142 4281 234 4318 tantum
254 4271 380 4319 intentatae
392 4288 442 4321 nou
455 4274 524 4337 plura
541 4274 650 4322 fortassis
695 4274 757 4320 dena
779 4274 856 4320 millia
875 4274 985 4338 peditum
1013 4275 1157 4338 imperarent
1184 4286 1208 4320 et

140 4359 195 4396 suut
206 4351 293 4412 ,quim
309 4349 333 4397 h.
349 4350 381 4410 l.,
395 4353 444 4409 Ill,
454 4353 484 4398 31
496 4386 503 4408 ‚
516 4363 541 4399 et
550 4355 588 4409 x,
600 4355 628 4399 31
641 4369 648 4410 ;
695 4353 759 4399 mille
769 4365 792 4400 et
802 4352 917 4401 ducentos
929 4355 1033 4417 equites,
1047 4355 1108 4401 forte
1117 4364 1143 4400 et
1154 4351 1206 4397 usil·

140 4427 204 4474 uuile
215 4428 292 4476 videri
304 4439 385 4492 potest
399 4430 460 4479 illud
472 4431 525 4487 bic,
536 4443 649 4494 tanquam
696 4432 760 4478 lenos
773 4443 797 4477 et
809 4432 914 4481 ducum
927 4432 1032 4496 equites,
1047 4448 1076 4478 uc
1094 4443 1208 4477 numerus

139 4508 358 4556 extraordinarium
371 4509 477 4571 aliquid,
487 4510 650 4561 adnotavim.
696 4510 825 4560 cardinalis
843 4522 868 4559 et
888 4510 1060 4559 distributivae
1076 4510 1207 4570 jungamus

139 4587 222 4643 Quum
240 4597 320 4633 sutem
340 4585 411 4645 dicit,
428 4589 461 4650 Q.
476 4589 600 4637 Caecilium
611 4605 651 4636 ne·
699 4589 772 4641 Dral.
789 4590 862 4641 Cous.
873 4587 904 4636 sd
915 4590 1004 4641 XXII.
1016 4589 1064 4644 36,
1077 4603 1101 4632 u.
1117 4593 1140 4639 l·
