2722 5040
68 39 1310 383 u

170 773 297 886 333:th
346 793 497 862 traua
527 794 706 862 xxxur.
734 795 840 864 car.
869 794 1003 862 xurx.
1135 795 1207 887 409

143 931 216 1001 tes;
238 939 321 1013 pars
344 917 493 985 nuntios
513 920 704 987 Messenen
726 918 966 1014 praemittunt,
985 911 1206 986 debellatum

142 1052 236 1112 esse,
249 1024 558 1123 Philopoemenem
570 1040 714 1123 captum
730 1025 870 1095 adduci.
880 1026 1038 1095 Primum
1048 1022 1137 1095 adeo
1153 1025 1205 1092 in-

142 1135 324 1209 credibilis
343 1137 419 1207 visa
440 1161 516 1224 res,
539 1150 580 1207 ut
603 1161 678 1206 non
699 1160 766 1232 pro
791 1158 884 1204 vano
905 1132 1037 1221 modo,
1065 1132 1127 1203 sed
1150 1134 1207 1201 vix

142 1271 209 1345 pro
232 1269 321 1317 sano
340 1248 490 1317 nuntius
510 1246 714 1317 audiretur:
738 1243 888 1333 deinde,
908 1258 949 1314 ut
966 1269 1076 1341 super
1097 1242 1206 1314 alium

142 1356 232 1428 alius
246 1356 343 1428 idem
358 1380 485 1427 omnes
494 1354 715 1427 affirmantes
729 1353 939 1439 veniebant,
954 1353 1099 1423 tandem
1115 1350 1209 1421 sacta

141 1463 249 1551 fides,
264 1480 319 1552 et,
333 1466 432 1563 prius
444 1489 554 1562 quam
566 1466 858 1563 appropinquare
871 1463 953 1534 urbi
962 1465 1044 1533 satis
1055 1464 1207 1546 scirent,

141 1573 186 1646 ad
210 1574 454 1673 spectaculum
474 1599 619 1663 omnes,
648 1575 753 1646 simul
773 1573 878 1645 liberi
901 1599 941 1645 ac
964 1574 1077 1659 servi,
1104 1575 1208 1669 pueri

142 1708 292 1782 quoque
311 1710 392 1756 cum
414 1683 575 1772 leminis,
595 1682 854 1770 effunduntur3
873 1686 995 1779 itaque
1008 1683 1209 1753 clauserant

140 1809 283 1892 portam
301 1795 456 1882 turbael,
476 1794 563 1865 dum
581 1819 648 1893 pro
665 1819 703 1865 se
720 1796 894 1891 quisque,
911 1795 979 1864 nisi
997 1794 1073 1891 ipse
1094 1794 1207 1864 oculis

142 1904 215 1974 suis
233 1903 460 1985 credidisset,
480 1908 538 1973 vix
555 1929 623 2002 pro
643 1919 826 2001 comperta
846 1918 980 1974 tantam
1002 1929 1079 1974 rem
1102 1903 1207 1973 habi-

143 2028 246 2083 turus
275 2012 467 2085 videretur.
499 2018 603 2111 AEgre
631 2013 886 2085 submoventes
916 2013 1045 2084 obvios
1074 2016 1207 2083 intrare

141 2136 305 2220 portam,
324 2125 388 2220 qui
403 2122 631 2194 adducebant
647 2123 972 2222 Philopoemenem,
986 2137 1207 2219 potuerunt,

140 2247 250 2330 atque
262 2233 368 2305 turba
381 2232 542 2305 conferta
551 2236 620 2305 iter
629 2235 808 2331 reliquum
822 2235 1012 2320 clauserat;
1025 2248 1079 2319 et,
1093 2257 1207 2328 quum

142 2367 222 2440 pars
240 2346 394 2415 maxima
409 2335 551 2416 exclusa
570 2370 590 2415 a
605 2345 810 2443 spectaculo
829 2358 943 2431 esset,
959 2343 1138 2414 theatrum
1152 2366 1206 2412 re·

141 2466 268 2550 pente,
283 2455 382 2550 quod
398 2455 461 2524 viae
478 2456 726 2552 propinquum
742 2470 834 2543 erat,
847 2455 1136 2551 compleverunt,
1155 2466 1206 2539 et,

141 2576 183 2632 ut
203 2588 247 2633 eo
272 2564 309 2633 in
333 2578 568 2661 conspectum
595 2563 720 2662 populi
746 2563 1004 2650 adduceretur,
1027 2587 1099 2634 una
1117 2588 1206 2634 voce

142 2695 268 2744 omues
287 2673 541 2771 exposcebant.
562 2676 788 2772 Magistratus
807 2691 843 2746 et
862 2678 1064 2773 principes,
1084 2675 1207 2761 veriti,

144 2807 190 2852 ne
209 2807 318 2879 quem
338 2797 478 2855 motum
498 2783 741 2857 misericordia
756 2787 939 2883 praesentis
959 2787 1049 2856 tanti
1065 2787 1132 2855 viri
1154 2784 1171 2854 f
1189 2825 1207 2839 ·

142 2906 257 2980 ceret,
276 2919 390 2991 quum
409 2895 496 2964 alios
514 2895 731 2966 verecundia
751 2897 907 2992 pristinae
923 2896 1119 2991 majestatis
1136 2894 1206 2965 col-

141 3001 211 3072 lata
235 3006 401 3100 praesenti
433 3000 587 3074 fortunae
602 3000 628 3090 ⁵,
659 3005 747 3076 alios
775 3004 977 3076 recordatio
1005 3004 1206 3099 ingentium

141 3114 353 3183 meritorum
379 3128 522 3184 motura
548 3130 662 3203 esset,
686 3116 815 3214 procul
838 3117 876 3185 in
899 3127 1097 3211 conspectu
1123 3137 1206 3182 eum

141 3237 370 3294 statuerunt:
400 3223 532 3295 deinde
553 3226 686 3323 raptim
711 3251 755 3297 ex
783 3226 897 3297 oculis
915 3225 1103 3295 homiuum
1123 3222 1204 3294 abs·

140 3347 347 3422 traxerunt,
368 3349 520 3431 praetore
534 3338 729 3407 Dinocrate
742 3335 902 3416 dicente,
923 3358 999 3405 esse
1010 3388 1020 3419 ,
1033 3359 1113 3430 quae
1126 3357 1207 3430 per-

141 3506 278 3566 eredentes,
293 3520 339 3558 etc.
352 3509 383 3556 cl.
392 3511 520 3570 XXXIII,
534 3513 565 3558 32
574 3546 582 3570 ,
592 3527 616 3558 n.
628 3526 651 3569 7.
696 3510 768 3557 turba
778 3510 888 3574 conserta
898 3506 1095 3567 conjicitWalch.
1106 3508 1205 3556 Emend.

177 3595 200 3642 l.
217 3589 363 3637 Clauserunt
374 3601 476 3652 portam
490 3590 579 3646 turba,
592 3589 617 3636 h.
629 3607 650 3637 e.
696 3606 723 3652 p.
735 3604 782 3635 roa
792 3624 799 3645 ,
811 3603 881 3651 oeque
896 3586 1006 3652 conferta
1020 3588 1100 3635 turba.
1116 3587 1205 3635 Probat

142 3665 232 3714 diversi
256 3668 322 3730 globi
349 3668 477 3716 hominum
504 3683 652 3715 concurren-
697 3682 767 3731 oeque
778 3668 867 3714 clariss.
882 3664 993 3725 Biittner,
1008 3666 1078 3713 Obss.
1088 3682 1144 3730 pag.
1156 3669 1206 3727 93,Ι

141 3744 215 3801 tlum,
229 3746 348 3810 manipuli
371 3746 499 3794 hominnm
517 3762 561 3808 per
578 3746 652 3794 inter·
697 3746 811 3796 Walchio
832 3763 902 3803 vero,
926 3745 997 3791 turba
1019 3757 1076 3811 post
1095 3745 1206 3811 conferta

141 3822 220 3877 valla,
238 3835 266 3872 ut
278 3823 307 3872 fit
318 3824 438 3885 ejusmodi
453 3825 479 3873 in
491 3834 561 3872 motu
573 3842 601 3873 ae
614 3837 653 3874 tu-
698 3826 884 3890 tmnsponenti‚
901 3840 1053 3887 nequaquam
1067 3827 1206 3886 assentitur,

141 3901 233 3962 multu,
246 3904 466 3967 conglobatorum
480 3906 590 3952 Gronov.
610 3906 650 3953 stc
693 3921 763 3969 oeque
780 3904 857 3951 multo
876 3903 956 3967 aptius
967 3903 998 3950 ad
1009 3905 1132 3952 clauserat
1142 3906 1205 3952 trahi

141 3995 200 4027 mox
213 3983 284 4030 turba
300 3981 410 4047 conserta
416 4002 426 4038 ,·
439 3994 464 4030 et
473 3985 524 4041 vt,
545 3992 593 4044 14,
613 3995 650 4031 tu-
694 3983 1102 4045 existimans,quam,utWalchio
1111 3985 1204 4049 placet,

142 4059 263 4108 multuosa
284 4061 374 4117 turbas
394 4063 492 4119 XXIV,
519 4065 565 4120 48,
580 4060 651 4126 sorte
695 4062 726 4109 ad
751 4059 868 4125 conserta.
890 4063 1048 4125 lungendum
1070 4064 1134 4111 enim
1155 4064 1206 4126 ait,

142 4152 291 4204 congregata
303 4141 385 4189 turba.
396 4141 516 4189 caeterum
529 4142 653 4188 claruerat
695 4158 765 4206 oeque
776 4153 804 4188 ut
817 4152 929 4205 portam,
945 4141 1065 4206 reliquum
1078 4144 1124 4191 r'ter
1133 4145 1206 4190 turba

137 4232 166 4279 p.
178 4219 249 4266 turba
264 4220 336 4268 Proh.
349 4231 373 4267 et
385 4219 443 4268 Ald.
455 4221 557 4277 dedere,
571 4220 652 4267 forsan
696 4220 806 4285 conserta
819 4222 951 4269 clauserat.
962 4223 1006 4269 En.

143 4296 223 4344 ecod.
233 4298 419 4362 Mog.-Durn
426 4316 475 4362 pro
487 4315 513 4346 se
525 4298 650 4363 qm'sque...
733 4301 756 4347 5.
777 4300 932 4347 Verecundiae
945 4301 1056 4364 pristina
1073 4300 1206 4362 majestatis

144 4373 286 4432 meleretum
305 4377 378 4434 dum,
404 4389 451 4427 etc.
472 4377 584 4434 videtur,
614 4378 652 4427 vel
696 4379 788 4427 collata
800 4399 827 4444 p.
832 4379 878 4445 f.‚·
891 4380 985 4428 mallem
1008 4381 1121 4434 collatae;
1139 4378 1204 4424 nuk.

143 4470 218 4516 quum
224 4489 232 4511 ,
248 4467 295 4503 etc.
308 4455 433 4504 videretur
441 4456 569 4520 legendum
583 4470 653 4522 putat
697 4483 733 4494 -
743 4461 851 4507 Proetore
860 4459 1012 4514 Dinocrate;
1026 4458 1081 4505 vide
1093 4471 1164 4518 supra
1174 4454 1205 4502 ad

144 4532 215 4582 Crev.
224 4568 233 4594 ‚
243 4535 338 4582 favente
344 4535 418 4583 Drak.
429 4539 513 4584 En-
523 4537 569 4583 Pro
580 4549 654 4601 atque
698 4539 824 4596 XXXVI,
839 4539 883 4597 31,
895 4555 919 4586 n.
929 4553 951 4585 r.
