2722 5040
207 751 332 865 itu:
410 772 559 838 LIBER
593 772 693 841 xm.
720 772 829 841 cir.
854 771 1015 838 xxvu.
1176 766 1245 865 595

182 915 262 962 iram
283 891 485 987 emporium
512 890 630 988 lapide
649 903 895 964 straverunt¹¹
917 890 1171 989 stipitibusque
1187 916 1246 964 se·

181 1014 347 1098 pserunt3
365 1014 401 1071 et
417 1001 598 1097 porticum
616 1003 789 1077 AEmiliarn
807 1001 1038 1075 reficiendam
1055 1016 1245 1092 curarunt3

180 1110 424 1208 gradibusque
444 1134 631 1183 ascensum
656 1113 703 1184 ab
725 1112 843 1184 Tiberi
862 1113 900 1183 in
922 1113 1125 1210 emporium
1149 1111 1246 1185 fece·

180 1237 276 1293 runt.
299 1226 343 1293 Et
361 1238 461 1295 extra
483 1224 648 1297 eamdem
665 1241 816 1324 portamv
830 1228 870 1297 in
892 1227 1110 1297 Aventinum
1130 1226 1246 1325 porti·

181 1359 264 1404 cum
278 1333 375 1405 silice
391 1347 616 1415 straverunt,
631 1351 667 1407 ct
682 1362 726 1408 eo
742 1337 890 1434 publico
900 1347 930 1379 ¹²
946 1334 991 1407 ab
1006 1335 1081 1407 aede
1095 1337 1248 1408 Veneris

181 1442 357 1515 fecerunt.
371 1444 485 1516 lidern
500 1445 641 1517 Calatia
658 1462 694 1517 et
704 1449 848 1518 Auximi
860 1471 984 1517 muros
997 1445 1180 1517 faciendos
1196 1445 1247 1517 lo·

180 1571 372 1641 caverunt;
396 1555 622 1653 venditisque
651 1556 702 1629 ibi
727 1556 881 1654 publicis
903 1557 1011 1640 locis,
1033 1557 1247 1653 pecuniam,

181 1689 261 1761 quae
275 1664 417 1736 redacta
431 1680 525 1754 erat,
545 1665 703 1738 tabernis
720 1669 866 1764 utrique
885 1665 965 1738 foro
981 1664 1247 1737 circumdandis

181 1790 494 1872 consumpserunt.
510 1781 555 1847 Et
573 1777 663 1850 alter
683 1804 727 1850 ex
749 1779 790 1849 iis
811 1777 957 1849 Fulvius
975 1776 1121 1849 Flaccus
1140 1781 1247 1876 (nam

180 1887 383 1956 Postumius
396 1885 509 1970 nibil,
526 1889 595 1959 nisi
612 1880 757 1961 senatus
774 1890 915 1960 romani
934 1887 1105 1985 populive
1121 1887 1245 1982 jussu,

181 2020 218 2066 se
243 1995 442 2068 locaturum
467 1999 629 2095 ipsorum
652 1996 845 2096 pecunia¹³
865 1999 907 2094 *)
929 1999 1026 2070 lovis
1050 1995 1162 2068 aedem
1185 1996 1246 2067 ·Pi·

181 2224 303 2289 inquibus
322 2238 419 2273 senatus
439 2226 524 2275 haberi
540 2228 625 2277 solitus
642 2228 687 2283 sit,
733 2244 789 2275 atam
800 2230 837 2276 ad
846 2228 924 2277 eedem
938 2225 1036 2274 Veneris
1040 2224 1068 2291 s
1084 2225 1151 2285 conj.
1162 2226 1244 2272 Gron.

180 2321 265 2367 pamm
283 2320 365 2351 verum
385 2322 436 2353 esse
462 2318 527 2356 recte
546 2319 628 2355 censet
646 2308 689 2354 Za·
732 2308 780 2356 Sed
798 2324 916 2372 nusquam
932 2306 992 2370 quid
1005 2304 1036 2352 de
1047 2304 1145 2353 basilica
1157 2302 1188 2349 ab
1205 2301 1245 2350 bis

181 2399 258 2431 mose.
274 2381 305 2429 de
320 2385 376 2430 Sen.
394 2386 466 2431 Rom.
486 2387 525 2445 11,
539 2390 563 2435 6,
574 2408 586 2426 »2
599 2386 633 2433 Es
647 2401 690 2449 po·
733 2387 875 2435 censoribus
887 2387 920 2435 sd
932 2385 1008 2434 sedem
1019 2384 1125 2447 aliquam
1135 2384 1247 2440 Veneris,

181 2464 229 2510 sius
236 2462 310 2510 fuisse
319 2461 386 2521 uu,
396 2462 439 2511 ubi
450 2465 613 2513 consisterent
621 2482 690 2513 sena·
732 2482 788 2529 quas
794 2467 876 2515 multae
884 2465 1082 2519 nomenoius,
1094 2464 1157 2511 iacta
1166 2460 1243 2518 tradi,

181 2556 245 2590 tores
254 2558 281 2590 sc
293 2557 417 2591 sermones
429 2544 493 2593 inter
500 2561 526 2593 se
536 2545 689 2602 conferrent,
733 2558 818 2595 monet
828 2547 893 2593 uui.

180 2631 262 2669 monet
281 2624 338 2670 Em.
357 2622 497 2670 Senatulum
517 2623 615 2687 qnidam
634 2624 691 2671 seri·
772 2626 810 2671 13.
825 2626 892 2670 Nam
911 2623 1049 2670 Postumius
1069 2619 1132 2669 nilsil
1144 2620 1193 2668 nisi
1209 2635 1246 2667 se·

180 2700 287 2750 bendum
306 2712 402 2765 putant.
426 2706 456 2749 ln
481 2703 601 2767 Capitolio
622 2704 689 2762 conj.
732 2714 804 2750 notns
817 2703 927 2750 consulto
934 2701 1050 2766 populive
1055 2702 1127 2767 jussu
1139 2716 1165 2746 se
1178 2700 1245 2747 loea-

180 2782 252 2830 Cret.
267 2793 296 2829 ut
311 2781 420 2845 porticus
432 2783 474 2830 illa
482 2783 513 2831 ab
525 2782 577 2830 aede
592 2782 689 2830 Saturni
733 2794 813 2837 turam
828 2782 936 2845 uasorum
946 2780 1055 2846 pecunia
1068 2779 1166 2827 dicebat
1178 2779 1245 2839 conj.

180 2859 206 2904 in
221 2860 285 2907 clivo
297 2860 438 2925 Capitolino
446 2872 558 2924 porrecta
573 2860 644 2908 fuerit
658 2860 688 2906 ad
732 2862 817 2924 Sigon.
837 2872 862 2908 et
879 2876 939 2908 mox
953 2859 1074 2907 Potentiae
1090 2874 1137 2923 pro
1150 2858 1247 2905 Pallen·

179 2939 327 2988 senaculum.
732 2940 781 2988 tia.
792 2945 828 2988 ita
841 2941 971 2987 Pisaurum
984 2949 1008 2985 et
1017 2937 1130 2984 Potentia
1136 2938 1246 2998 jungun-

219 3034 258 3066 ιι.
279 3017 419 3081 Emporium
444 3018 527 3082 lapide
553 3031 691 3066 straverunt
733 3031 773 3067 tur
784 3019 808 3069 b.
820 3020 850 3078 L,
863 3029 890 3066 ut
903 3018 969 3083 apud
980 3017 1043 3065 Vell.
1055 3018 1080 3070 1,
1094 3016 1141 3071 15,
1154 3027 1179 3061 et
1189 3030 1245 3077 sup.

181 3097 229 3160 (sd
241 3095 349 3144 Tiberim
360 3096 386 3159 ),
398 3108 445 3147 eto.
458 3099 526 3146 conf.
536 3098 569 3147 ad
579 3100 690 3155 XXXV,
733 3101 862 3161 xxxix,
873 3105 906 3153 aa
916 3096 926 3158 (
936 3096 980 3145 ubi
990 3095 1041 3144 vid.
1052 3111 1078 3143 n.
1094 3094 1140 3160 9).
1152 3094 1245 3141 Verum

184 3188 285 3225 soextr.
297 3176 362 3225 etad
371 3176 542 3238 xx1‚57,n.
554 3181 691 3241 7.-Por-
733 3190 758 3225 et
780 3176 893 3225 Potentia
916 3186 940 3223 et
963 3174 1084 3222 Pollentia
1107 3174 1132 3219 in
1151 3172 1243 3219 Piceno

181 3256 255 3304 ticam
266 3255 408 3314 AEmilium,
420 3267 514 3305 tantum
526 3256 690 3306 nonodecimo
733 3257 789 3315 init,
801 3256 842 3303 illa
852 3255 985 3312 maritima,
996 3253 1047 3300 hac
1058 3252 1244 3310 mediterranea,

180 3352 246 3382 auno
259 3347 316 3384 ante
327 3348 488 3394 exstructam
498 3337 572 3384 Drals.
580 3336 645 3383 Vide
658 3337 689 3383 sd
733 3346 757 3382 et
766 3335 818 3381 baec
826 3335 925 3398 potius,
939 3350 1011 3397 quam
1023 3332 1075 3390 illa,
1086 3348 1136 3379 non
1145 3331 1219 3394 longe
1228 3347 1243 3378 a

182 3413 289 3469 XXXV,
312 3417 490 3461 ro.-Eatrn
509 3414 619 3460 eamdem
630 3430 688 3477 por-
732 3415 839 3462 Misione
852 3415 889 3461 vel
903 3413 1015 3460 Miseone
1028 3410 1244 3473 fl.sita,aquain·

180 3502 232 3535 tam
244 3490 406 3554 Trigeminam
422 3492 447 3538 in
458 3492 621 3548 Aventinum,
641 3503 687 3540 etc.
732 3493 838 3556 diguisse
848 3492 957 3548 videtnr;
966 3489 1040 3539 Drair.
1054 3492 1084 3536 In
1097 3487 1245 3535 Pollentiam

180 3570 334 3631 “Quomodo
352 3570 401 3617 hoc
427 3568 480 3617 lieri
507 3571 611 3634 potuit?
633 3588 689 3618 nam
732 3587 826 3635 quain
845 3570 1012 3617 dediscendam
1028 3567 1157 3631 legendum
1174 3576 1246 3630 puta·

182 3649 330 3696 Aventinum
343 3652 426 3697 Ancus
442 3666 487 3697 rex
503 3650 564 3697 Urbi
580 3648 689 3709 addidit3
733 3651 775 3699 bat
791 3652 863 3699 Crev.
883 3650 923 3697 vel
945 3649 972 3695 iu
997 3663 1056 3695 voce
1077 3646 1151 3693 etiam
1170 3646 1246 3693 latsrs

181 3729 237 3776 side
249 3728 282 3776 ad
294 3730 320 3783 1,
334 3730 376 3777 3³.
387 3730 427 3775 An
438 3730 548 3792 porticus
560 3728 602 3776 ilia
611 3740 689 3776 trans·
733 3745 823 3777 nomen
842 3728 940 3776 alterius
955 3728 1037 3783 orbis,
1054 3727 1079 3772 in
1099 3740 1171 3787 quam
1187 3722 1246 3771 rut·

181 3806 265 3855 cendit
285 3823 367 3855 muros
386 3807 478 3856 Urbis?
499 3808 564 3856 Hinc
582 3807 691 3855 Jacobns
733 3810 787 3857 rius
810 3824 898 3871 squam
922 3805 1090 3855 adducendam
1116 3802 1245 3853 lom-nis.

182 3888 319 3934 Perisonius
331 3887 397 3935 intra
408 3888 518 3935 eamdem
523 3900 625 3953 portem
633 3904 691 3935 con·
733 3889 796 3935 Mox
816 3889 894 3935 Marc.
912 3889 1023 3934 Donatus
1042 3884 1109 3947 conj.
1126 3884 1245 3931 &nossem

178 3968 264 4024 jecisse
277 3965 399 4015 viduor..
414 3967 489 4015 Drak.
731 3967 818 4030 glarea
832 3966 915 4021 oium,
933 3964 1007 4013 Dral.
1023 3964 1142 4011 Sinuessae
1154 3978 1245 4029 ingan

219 4062 258 4093 rs.
272 4048 304 4092 Et
312 4061 340 4092 eo
346 4046 445 4108 publico
455 4081 462 4102 ,
473 4062 504 4092 ex
517 4047 623 4110 emporii
634 4062 691 4110 pau·
734 4062 808 4109 opera
818 4061 849 4092 aa
858 4044 949 4100 ararim·
961 4043 985 4090 in
995 4042 1047 4099 Ιώ,
1059 4054 1106 4091 etc.
1119 4043 1202 4106 Sigon.
1214 4042 1245 4086 In

180 4126 205 4170 lo
216 4136 272 4172 ante
289 4125 414 4171 memorati
435 4136 573 4188 proventu,
590 4126 623 4173 ab
637 4125 691 4172 aede
733 4125 770 4172 lu's
784 4137 807 4171 et
819 4125 930 4172 cloacam
948 4121 1090 4188 instaturum
1111 4118 1246 4168 circumdes-

182 4203 294 4258 l'eneris‚
306 4205 332 4249 in
342 4205 442 4267 regione
452 4205 512 4251 circi
523 4204 624 4251 maximi
635 4203 690 4268 ‚se-
733 4203 843 4252 cendam.
854 4203 901 4251 Sed
911 4204 1023 4251 Sinuessa
1035 4203 1082 4249 sits
1095 4200 1140 4249 suit
1150 4197 1182 4245 ad
1194 4213 1244 4244 ms-

178 4293 263 4328 cerunt
275 4283 396 4346 porticum
409 4283 435 4330 iu
444 4285 593 4331 Aventinum
603 4299 611 4341 3
622 4285 690 4329 Dou-
734 4298 772 4339 re,
788 4294 813 4331 et
826 4283 944 4331 remotior
963 4283 1056 4330 exstitit
1073 4299 1086 4326 a
1102 4277 1243 4325 fluminibus

177 4362 221 4418 jat.
233 4364 262 4408 ln
272 4361 394 4425 prioribus
404 4363 506 4410 vocibus
516 4363 590 4411 latere
600 4361 688 4410 clivum
736 4363 782 4408 biri
791 4372 815 4409 ct
825 4363 935 4421 Savone,
945 4362 1009 4409 inter
1020 4376 1074 4425 qua·
1084 4355 1162 4404 medis
1175 4366 1243 4411 erat,

181 4441 382 4503 Publicium,qui
394 4457 470 4505 prope
479 4443 627 4490 Aventinum
638 4442 689 4489 fue·
734 4458 804 4504 quam
820 4454 847 4489 ut
870 4460 899 4489 eu
917 4443 1009 4489 cloacae
1032 4436 1243 4485 circumduceren-

181 4519 227 4576 rit,
238 4519 405 4585 suspicabatur
416 4523 470 4569 Jac.
483 4523 558 4569 Peris.
568 4522 600 4567 tn
610 4520 690 4569 basili·-
736 4532 773 4568 tur
784 4538 791 4581 ;
804 4521 877 4569 urai.
