2722 5040
175 721 302 836 ῧζὲζὲζέῑ
431 747 580 814 mnan
611 747 714 814 xm.
743 747 849 816 car.
878 747 943 814 rx.
1143 743 1212 817 553

148 864 313 936 consules
330 865 485 960 majores
500 865 635 937 hostias
653 843 909 950 immolarunt,
928 880 965 936 et
983 865 1079 937 diem
1098 891 1213 938 unum

147 980 240 1048 circa
255 977 376 1048 omnia
394 976 593 1075 pulvinaria
608 977 822 1076 supplicatio
840 974 919 1046 fuit.
942 974 1129 1047 Sacrificiis
1144 981 1213 1057 rite

147 1084 333 1183 perfectis,
348 1087 548 1184 provincias
563 1089 679 1158 sortiti
696 1103 800 1159 sunt:
818 1084 969 1158 Claudio
984 1089 1103 1174 Istria‚
1118 1092 1226 1158 Sem>

147 1198 277 1295 pronio
289 1197 449 1267 Sardinia
464 1196 620 1268 obvenit.
636 1203 768 1295 Legem
781 1197 865 1269 dein
881 1196 927 1269 de
939 1199 1044 1268 sociis
1058 1201 1097 1268 C.
1111 1197 1213 1268 Clau·

146 1305 227 1379 dius
242 1309 326 1379 tulit
339 1308 651 1379 senatusconsulto
661 1312 688 1396 ⁴,
704 1323 740 1380 et
754 1308 884 1380 edixit:
902 1314 968 1407 qui
981 1313 1072 1379 socii
1087 1333 1131 1377 ac
1149 1333 1212 1379 no·

146 1424 252 1489 minis
283 1419 405 1501 latini,
440 1425 510 1516 ipsi
539 1421 735 1514 majoresve
764 1445 913 1506 eorum,
948 1424 999 1489 M.
1032 1417 1209 1503 Claudio,

151 1536 187 1600 T.
212 1536 360 1623 Quintio
386 1531 610 1618 censoribus,
625 1549 785 1629 postque
805 1557 868 1617 ea,
892 1532 996 1630 apud
1015 1537 1129 1602 socios
1148 1555 1210 1600 no·

145 1648 250 1712 minis
273 1642 379 1711 latini
398 1648 497 1712 censi
519 1660 651 1727 essent,
675 1659 716 1714 ut
737 1667 860 1713 omnes
879 1648 1040 1712 insuam
1059 1647 1211 1740 quisque

144 1757 319 1821 ct'vitatem
331 1766 416 1821 onte
433 1750 610 1824 Calendas
622 1752 841 1825 Novembres
854 1751 1020 1823 redirent.
1034 1753 1210 1842 Quaestio,

144 1865 208 1960 qui
220 1865 268 1934 ita
283 1888 357 1934 non
370 1861 558 1953 redissent,
570 1868 609 1935 L.
618 1861 802 1934 vMummio
816 1864 962 1962 praetori
976 1861 1120 1932 decreta
1135 1877 1207 1933 est:

144 1972 188 2042 ad
211 1973 327 2071 legem
351 1986 387 2043 et
411 1971 569 2044 edictum
592 1973 749 2045 consulis
777 1970 1127 2044 senatusconsultum
1147 1971 1208 2042 ad-

140 2082 278 2177 jectum
304 2097 384 2154 est:
407 2099 465 2167 ut,
487 2085 660 2169 dictator,
687 2082 831 2169 consul,
860 2090 1038 2166 interrex,
1061 2106 1205 2168 censor,

138 2188 299 2286 proetor⁵
317 2198 383 2287 qui
409 2217 504 2262 nunc
532 2209 644 2278 esset,
667 2194 772 2289 opud
797 2217 921 2262 eorum
946 2216 1054 2288 quem
1079 2217 1208 2262 manu·

141 2429 183 2476 loo
197 2431 223 2477 in
238 2441 333 2478 taurum
348 2441 455 2488 mutato,
477 2432 519 2479 cni
533 2427 651 2479 Hercules
695 2431 771 2488 bont;
784 2430 850 2479 an.
863 2431 926 2478 Mox
936 2447 1030 2495 semper
1043 2431 1144 2494 putavi,
1159 2445 1206 2496 pro

141 2509 242 2557 alterum
259 2527 336 2559 oomu
355 2512 490 2575 prodegit,
509 2511 566 2559 ideo
584 2522 650 2557 uun-
695 2525 760 2556 nuno
781 2508 912 2573 legendum
933 2526 985 2557 esse
1009 2521 1083 2568 tunc,
1104 2522 1129 2558 et
1150 2520 1206 2559 ante

141 2604 195 2634 carn
199 2588 309 2653 frontem
322 2591 407 2638 tribuit
422 2589 509 2647 Silius,
529 2592 579 2647 111,
601 2598 649 2650 ta,
695 2588 905 2635 manumitteretur
929 2589 962 2636 ob
980 2605 1053 2653 praec.
1075 2606 1146 2653 quern
1165 2590 1205 2636 in·

141 2666 182 2713 ubl
194 2668 263 2731 plora
275 2669 340 2716 vids.
351 2672 395 2717 En.
695 2666 816 2714 tercidisse
830 2668 886 2731 qui,
900 2679 926 2716 ut
942 2669 1004 2718 ordo
1014 2669 1144 2716 verbomm
1157 2669 1205 2718 sit:

176 2754 200 2800 t.
213 2750 298 2812 Legem
307 2747 485 2797 deiudesociis
495 2748 647 2797 &Claudius
692 2757 733 2802 ut,
759 2746 805 2810 qui
826 2748 1035 2796 manumitteretur
1052 2749 1123 2812 apud
1135 2765 1206 2813 quem

140 2825 196 2872 tulit
205 2829 467 2883 eusenntnsconsulto,
478 2828 509 2875 ita
519 2827 648 2890 legendum
693 2840 777 2872 eorum
790 2826 867 2884 (conl.
879 2826 910 2873 ad
922 2828 998 2886 m,
1013 2829 1061 2883 26,
1072 2844 1098 2876 n,
1110 2826 1151 2891 7),
1163 2827 1206 2892 qni

139 2918 196 2951 eum
208 2906 284 2952 Goon.
298 2906 391 2952 Deuade
403 2906 474 2953 sociis
489 2906 586 2955 edidere
602 2909 650 2956 Cu·
693 2914 751 2950 tunc
773 2903 996 2960 dictator...esset,
1021 2905 1046 2951 in
1069 2905 1205 2953 libertatem

140 2983 177 3029 rio
198 2995 222 3032 et
242 2995 299 3048 post
318 3001 372 3032 eum
395 2985 436 3032 alii
455 2986 528 3050 prob.
549 2988 647 3048 Donjat.
693 2983 869 3038 vindicaretur,
884 2993 912 3029 nt
923 2983 1098 3048 jusjurandum
1116 2983 1202 3043 daret,

139 3072 166 3109 ut
183 3064 255 3111 sociis
272 3065 306 3112 sit
325 3065 449 3113 sociorum
466 3082 553 3125 osum,
571 3078 596 3116 st
615 3085 650 3117 ω.
693 3080 762 3121 eum,
784 3062 828 3127 qni
848 3062 1029 3110 manumitteret
1055 3065 1107 3128 (sie
1130 3063 1203 3113 verbe

138 3142 246 3189 cundum
266 3160 338 3207 quam
355 3144 417 3193 socii
436 3145 555 3194 viverent.
566 3148 648 3197 Verba
691 3141 969 3206 tunlmmlwssffldlls
982 3142 1144 3190 multllm
1153 3159 1205 3191 mu·

138 3237 226 3284 praeco,
244 3223 375 3288 Sacn'ficiis
392 3225 439 3272 rite
449 3225 648 3291 perfectis...ob
692 3223 776 3270 tandoe
800 3237 876 3267 causa
908 3222 1084 3270 rnanumt'ttere.
1115 3223 1202 3271 Postea

137 3300 200 3345 venit
218 3312 329 3364 suspects
350 3303 428 3351 videri
445 3316 564 3368 possunt,
584 3321 646 3368 quo·
691 3302 760 3358 vidi,
780 3299 843 3347 idem
861 3299 977 3348 Creverio
993 3302 1020 3348 in
1038 3315 1142 3350 mentem
1161 3319 1202 3350 ve·

137 3377 202 3423 niam
220 3376 286 3424 idem
306 3379 356 3436 jam
378 3397 432 3444 esp.
450 3384 465 3429 8
486 3393 646 3431 memoratum
689 3381 766 3440 nisse,
778 3379 821 3441 qui
830 3380 881 3438 jam
890 3390 954 3427 recte
965 3381 1075 3439 monuit,
1081 3383 1201 3442 jusjursn·

137 3465 180 3502 est.
198 3480 232 3490 -κ
248 3454 296 3516 Qui
305 3456 368 3503 sosii
378 3459 462 3520 aequi
475 3460 579 3506 nominis
587 3461 644 3507 lati-
689 3459 748 3506 dum
758 3457 806 3505 hoo
816 3474 866 3505 non
879 3475 894 3505 a
913 3460 1110 3521 manumittente,
1127 3461 1169 3508 ssd
1187 3476 1201 3508 s

137 3535 200 3583 ni...
214 3536 249 3582 Μ.
262 3533 377 3592 Claudio,
395 3538 420 3583 T.
432 3537 530 3599 Quintio
541 3539 645 3586 eenson'-
689 3535 836 3605 munutpisso
849 3550 961 3585 exactum
977 3555 1044 3597 esse,
1061 3539 1136 3602 idque
1149 3550 1201 3588 tum

136 3613 179 3660 bus
196 3611 309 3679 (vidend
319 3614 459 3672 xxxvn,
478 3614 646 3681 58)postque
689 3632 720 3664 ex
736 3616 816 3664 verbis
827 3618 941 3679 proxime
958 3634 1029 3682 seqq.
1039 3631 1134 3681 patere,
1148 3631 1201 3668 tum

136 3708 181 3748 ea,
202 3703 227 3740 et
241 3703 337 3757 postea,
356 3694 462 3758 utapud
476 3696 642 3755 Cle-Vernl,
690 3698 779 3745 laetum
799 3712 851 3743 esse
876 3709 1005 3762 propterea
1028 3699 1096 3762 quod
1121 3701 1200 3763 fraus,

137 3778 183 3832 tr,
201 3783 226 3820 et
235 3775 292 3836 Agr.
304 3773 343 3831 11,
359 3773 398 3821 15.
417 3776 521 3838 Postque
538 3791 579 3823 eos
598 3775 644 3839 (ut
688 3793 742 3841 qnae
749 3777 798 3824 hoc
808 3778 1019 3826 senatusconsulto
1030 3791 1100 3827 cauta
1110 3781 1159 3838 sit,
1174 3782 1200 3829 lu

136 3851 515 3913 xx1v111‚11,etxxxtx,
529 3854 561 3920 3)
577 3858 642 3917 conj.
687 3857 738 3916 ejus
754 3855 858 3902 maxime
875 3858 1033 3905 commodum
1050 3861 1157 3907 cesserit.
1168 3863 1199 3909 In

136 3929 258 3979 Dukems.
687 3933 768 3982 verbis
788 3944 869 3981 tamen
892 3947 919 3982 ut
931 3936 1108 4002 jusjurandum
1126 3940 1200 3987 daret

170 4010 196 4057 5.
208 4011 330 4070 Dictator,
349 4013 445 4069 consul,
458 4011 579 4070 interrex,
591 4030 644 4062 een·
687 4011 791 4060 offendit
805 4028 844 4059 me
854 4024 892 4071 nt,
903 4025 927 4062 et
937 4016 977 4064 uel
988 4016 1119 4082 legendum
1131 4019 1199 4067 vide-

134 4104 182 4143 tor,
198 4101 300 4152 prester,
324 4104 369 4141 eto.
394 4107 452 4155 ergo
472 4092 539 4156 apud
558 4109 643 4142 omnes
687 4091 878 4148 turribiautst',
901 4094 1053 4145 veldelends
1067 4098 1107 4145 illa
1123 4099 1149 4145 in
1170 4097 1198 4144 Ii·

132 4169 284 4230 magistratus
304 4171 406 4231 majores
423 4185 497 4217 mauu
519 4173 583 4221 mitti
600 4189 643 4238 po-
687 4173 805 4219 bertatem
820 4170 998 4232 vindicarent,
1022 4194 1076 4239 squas
1095 4178 1197 4239 glossam

133 4245 252 4294 tuitzsed
262 4248 397 4308 dictatoris,
409 4249 536 4313 interregis
547 4263 571 4300 et
582 4270 641 4301 cen·
687 4251 799 4301 redolent
813 4264 849 4309 τῦ
872 4256 1082 4304 manumitteretur
1106 4255 1197 4301 adseri-

133 4324 194 4372 soris
204 4325 295 4373 nullam
304 4328 452 4377 mentionem
465 4329 560 4378 faciunt
570 4333 642 4392 juris·
685 4343 760 4395 ptam.
769 4313 882 4387 ‘sumum
900 4336 998 4398 majoris
1019 4333 1197 4398 perspicuitatis

133 4404 252 4460 consulti,
266 4407 332 4470 quod
351 4408 386 4455 illi
403 4408 495 4457 dudum
515 4411 577 4459 nulli
595 4429 641 4461 sm·
686 4428 755 4461 causa
775 4426 800 4464 et
813 4434 880 4465 more
894 4418 994 4466 Liuiano
1005 4412 1133 4474 repetitum
1143 4425 1196 4470 est;

132 4484 196 4548 plius
206 4485 316 4547 luerunt,
329 4504 379 4553 quo
394 4501 502 4557 tempore
513 4489 539 4540 hi
551 4491 641 4543 ecribe-
685 4492 742 4542 vide
756 4511 827 4560 supra
841 4497 873 4546 sd
885 4495 975 4545 librum
985 4493 1074 4552 nn,
1084 4507 1137 4555 cap.
1150 4508 1177 4541 tt
1188 4527 1198 4553 ,
