2722 5040
185 655 255 728 256
599 656 641 723 r.
673 654 811 722 mvn
1096 631 1217 739 3:331

181 780 300 852 sulum
318 780 432 851 cause
446 788 482 847 et
499 765 651 862 ainicus,
671 788 707 845 et
725 787 852 845 auctor
870 797 1012 871 semper
1027 774 1162 847 Achaeis
1175 777 1241 846 mi-

180 887 318 961 nuendi
335 910 424 984 opes
443 899 479 956 et
498 886 744 955 auctoritatem
759 883 1135 974 Lacedaemoniorum,
1154 910 1241 958 con·

141 1083 144 1087 ‚
179 1000 302 1073 cilium
312 992 548 1094 querentibus
561 991 678 1076 dedit;
693 991 969 1090 decretumque,
984 1017 1028 1065 eo
1041 992 1241 1082 referente,

180 1105 315 1179 factum
337 1118 409 1191 est,
433 1105 552 1194 Quum
575 1107 612 1171 in
620 1101 743 1197 fidem
759 1102 1004 1174 Achaeorm²
1023 1103 1244 1202 tutelamque

184 1222 223 1289 T.
242 1221 409 1309 Quintius
424 1228 463 1283 et
476 1217 636 1282 Romani
645 1216 837 1283 Laconicce
849 1237 925 1284 orce
937 1212 1084 1284 castella
1098 1220 1242 1285 etnicos

179 1324 423 1408 uaddusent,
443 1337 496 1408 et,
512 1345 627 1418 quum
646 1319 825 1391 abstinere
844 1321 901 1392 his
919 1345 968 1392 ecc
970 1322 1116 1413 foedere
1131 1328 1242 1395 Lace-

177 1437 354 1509 daemonii
372 1431 560 1515 deberent,
583 1434 655 1501 Las
671 1435 773 1501 vicus
792 1447 1019 1528 oppugnatus
1037 1450 1145 1520 esset,
1170 1458 1240 1505 coe-

177 1546 313 1643 desque
326 1542 379 1613 ibi
382 1544 508 1633 fricta,
526 1546 592 1638 qui
607 1542 684 1636 ejm
698 1546 752 1610 rei
765 1557 927 1612 auctores
941 1540 1167 1641 affinesque³
1190 1570 1242 1616 es·

176 1673 271 1740 sent,
291 1658 362 1725 nui
377 1652 594 1723 dederentur
603 1650 769 1736 Achnai,
790 1650 968 1722 violatum
980 1652 1238 1744 vt'clerifoeclus.

176 1767 232 1839 Ad
257 1761 504 1863 exposcendos
527 1785 589 1832 eos
613 1759 720 1857 legati
742 1761 925 1858 extemplo
947 1761 1240 1840 Lacedaemonem

175 1877 274 1949 missi
291 1886 386 1946 sunt.
405 1870 449 1943 Id
466 1871 659 1968 imperium
677 1869 769 1942 adeo
786 1869 986 1969 superbum
1001 1886 1038 1944 et
1051 1873 1241 1970 indignum

176 1981 455 2059 Lacedaemoniis
473 1981 589 2051 visum
610 1993 683 2067 est,
700 1993 760 2065 ut,
781 1981 811 2050 si
832 1981 978 2078 antiqua
999 1983 1150 2054 civitatis
1169 1982 1242 2055 for·

177 2113 266 2169 tuna
288 2109 400 2179 esset,
420 2089 519 2162 haud
545 2088 656 2161 dubie
678 2114 775 2161 arma
801 2092 983 2189 extemplo
1004 2095 1142 2190 capturi
1165 2092 1242 2165 fue·

141 2241 143 2245 ⁴
175 2209 260 2279 rint.
277 2205 429 2277 Maxime
449 2215 568 2272 autem
587 2201 831 2271 consternavit
847 2224 910 2272 eos
926 2217 1064 2289 metus,
1083 2204 1114 2273 si
1130 2203 1242 2275 semel

176 2315 301 2414 primis
323 2311 481 2409 imperiis
496 2307 703 2380 obediendo
720 2309 846 2407 jugum
863 2312 1103 2409 accepissent,
1121 2338 1187 2401 ne,
1202 2312 1240 2384 id

175 2417 276 2523 quod
292 2423 366 2516 jam
387 2419 449 2491 diu
470 2419 678 2506 moliretur,
697 2419 948 2518 Philopoemen
973 2421 1155 2493 exsulibus
1177 2429 1241 2494 La-

154 2620 155 2625 *
176 2532 420 2605 cedemonem
435 2526 602 2598 traderet.
619 2532 793 2600 Furentes
808 2530 917 2626 igitur
933 2530 1005 2626 ira,
1022 2532 1164 2628 triginta
1181 2533 1242 2603 ho

175 2637 334 2708 minibus
350 2661 394 2707 ex
410 2634 586 2723 factione,
605 2643 689 2708 cum
708 2661 780 2734 qua
796 2639 1028 2710 consiliorum
1047 2634 1166 2738 aliqua
1184 2667 1241 2714 so·

174 2750 283 2821 cietas
299 2746 562 2844 Philopoemeni
584 2761 692 2843 atque
710 2747 894 2820 exsulibus
911 2763 1004 2835 erat,
1022 2748 1239 2837 interfectis,

175 2858 430 2944 decreverunt,
446 2855 725 2931 renuntiandam
741 2857 947 2928 societatem
963 2857 1135 2944 Achaeisl,
1150 2859 1241 2957 lega·

174 2984 304 3065 tosque
318 2965 499 3060 extemplo
513 2965 784 3064 Cephalleniam
796 2966 1008 3054 mittendos,
1022 2969 1087 3065 qui
1100 2971 1241 3041 consuli

174 3083 224 3151 M.
245 3078 370 3149 Fulvio
390 3076 527 3173 quique
543 3078 714 3146 Romanis
732 3075 1024 3147 Lacedaemonem
1044 3076 1240 3165 dederent,

174 3200 394 3283 orarentque
413 3209 516 3272 eum,
534 3201 575 3256 ut
592 3187 731 3258 veniret
752 3185 789 3254 in
806 3184 1097 3282 Peloponnesum
1116 3187 1163 3259 ad
1181 3214 1239 3259 ur-

174 3298 259 3371 bem
277 3296 573 3368 Lacedaemonem
591 3297 628 3366 in
646 3294 756 3367 fidem
775 3294 1025 3394 ditionemque
1042 3302 1169 3398 populi
1182 3327 1239 3372 ro·

176 3409 271 3480 mani
292 3406 549 3504 accipiendam.
879 3491 881 3496 ,

223 3523 367 3592 XXXII.
392 3517 435 3589 Id
460 3515 523 3588 ubi
548 3517 653 3613 legati
672 3517 715 3586 ad
739 3516 885 3588 Achaeos
910 3520 1134 3607 retulemnt,
1159 3544 1239 3591 om·

175 3632 276 3701 nium
303 3630 521 3715 civitatium,
542 3651 622 3722 quae
647 3626 722 3721 ejus
747 3628 890 3698 concilii
913 3643 1035 3714 erant,
1059 3652 1253 3724 consensu·

176 3736 311 3809 bellum
331 3735 611 3808 Lacedaemoniis
629 3734 805 3818 indictum
824 3751 886 3808 est.
906 3742 959 3809 Ne
978 3739 1162 3837 extemplo
1178 3763 1237 3836 ge-

176 3989 292 4047 rentibus,
306 3991 391 4054 legatie
408 4008 509 4056 nempe,
529 3993 560 4040 de
577 3991 686 4040 Lacedae·
729 3993 775 4039 tias
787 4004 811 4039 et
821 3992 940 4047 Romani,-
951 3992 1008 4040 vide
1017 3993 1050 4041 ed
1059 3996 1113 4052 111,
1123 3995 1169 4055 25,
1178 4011 1202 4042 n.
1213 4003 1238 4051 t.

176 4069 314 4117 munierum
339 4070 454 4117 vIolentia
473 4080 498 4117 et
520 4069 619 4128 fraude,
641 4072 684 4134 qui
765 4074 788 4119 3.
803 4072 847 4119 Ilei
866 4083 976 4120 auctores
997 4072 1146 4140 affinesque,
1163 4078 1239 4140 perti·

177 4159 250 4197 nocte
261 4148 342 4196 vicum
360 4149 507 4215 meriturum
520 4151 571 4196 Len
590 4165 621 4197 ex
638 4150 683 4196 im·
728 4151 809 4215 cipes,
829 4150 905 4207 socii,
928 4161 955 4198 ut
980 4152 1113 4210 XXXIX,
1145 4162 1191 4210 14,
1213 4166 1239 4202 et

176 4228 275 4291 proviso
286 4239 474 4297 occupaverant.
484 4228 529 4273 En.
729 4230 825 4287 XLIII,
836 4244 861 4277 n.
875 4230 913 4276 16.

212 4323 237 4354 a.
252 4298 449 4372 Quurninſsdem
458 4304 684 4362 Achoecrumdde
765 4316 789 4363 4.
810 4307 1006 4356 denuntiandam
1029 4310 1169 4358 societatem
1188 4313 1236 4367 A.,·
1316 4357 1324 4381 s

177 4383 208 4432 ud
226 4386 351 4442 XXXVI,
372 4384 420 4441 35,
435 4400 461 4440 u.
475 4391 501 4439 I.
518 4409 549 4419 —
566 4384 591 4430 Τ.
609 4384 683 4444 Qitiu-
730 4385 825 4432 vidend
838 4387 921 4443 XXV,
937 4388 1020 4443 18,n.
1037 4388 1060 4433 ⁵.
