2722 5040
155 812 226 906 teli
574 809 611 875 T·
643 810 782 876 lell
1071 795 1191 907 ῧῑὲῑέζῖἰ

203 934 273 1000 XL.
296 938 407 999 Atrox
427 925 562 1023 ubique
578 927 761 1024 praelium,
778 928 842 999 sed
855 932 952 1001 varia
965 929 1112 1003 fortuna
1129 950 1215 1006 erat.

154 1042 302 1140 Egregie
327 1040 503 1136 legiones,
527 1061 593 1135 nec
614 1040 755 1134 segnius
776 1037 856 1110 duae
875 1040 960 1111 alae1
984 1041 1216 1140 pugnabant;

152 1171 298 1226 externa
323 1150 455 1222 auxilia
477 1147 522 1219 ab
545 1148 650 1219 simili
667 1165 866 1235 armamra,
887 1151 1034 1223 meliore
1058 1153 1218 1249 aliquan·

152 1283 230 1337 tum
244 1264 398 1334 militurn
413 1284 561 1359 genere,
576 1258 813 1356 urgebantur,
829 1285 895 1331 nec
913 1261 1034 1333 locum
1049 1266 1142 1334 tueri
1158 1288 1219 1362 po-

152 1391 277 1447 terant.
299 1371 488 1456 Celtiberi,
512 1368 577 1441 ubi
602 1369 764 1441 ordinata
789 1371 862 1442 acie
890 1387 926 1442 et
952 1374 1062 1470 signis
1079 1373 1216 1445 collatis

151 1512 188 1558 se
201 1511 276 1556 non
295 1507 370 1555 esse
385 1506 486 1580 pares
499 1479 702 1578 legionibus
715 1498 920 1570 senserunt,
936 1507 1053 1554 cuneo
1069 1486 1216 1582 impres·

151 1599 289 1667 sionem
312 1592 485 1665 fecerunt.
508 1594 592 1681 Quo
613 1606 753 1661 tantum
775 1592 894 1663 valent
915 1617 1046 1688 genere
1065 1618 1214 1691 pugnae,

152 1724 207 1794 ut,
224 1730 452 1804 quacumque
465 1718 565 1801 parte
579 1702 764 1800 perculere
778 1703 916 1800 impetu
932 1713 1035 1791 suo',
1051 1705 1216 1775 sustineri

152 1832 343 1913 nequeant.
360 1819 460 1884 Tunc
476 1836 624 1910 quoque
647 1811 797 1883 turbatae
813 1814 970 1909 legiones
984 1828 1087 1899 sunt,
1101 1837 1216 1912 prope

151 1930 353 2024 interrupta
364 1926 467 1995 acies.
482 1926 599 2012 Quam
612 1924 886 2019 trepidationem
900 1921 963 1993 ubi
976 1924 1122 1995 Flaccus
1136 1949 1216 2025 con·

152 2039 289 2136 spexit,
319 2059 415 2130 equo
441 2032 631 2104 advehitur
657 2034 701 2104 ad
732 2033 944 2130 legionarios
970 2037 1132 2130 equites,
1159 2051 1214 2119 et,

149 2144 321 2244 «Ecquid
339 2144 459 2215 auxilii
475 2145 512 2213 in
531 2142 634 2214 vobis
648 2145 723 2214 est?
741 2149 870 2215 Actum
880 2146 953 2239 jam
967 2144 1013 2215 de
1032 2144 1103 2215 hoc
1118 2170 1215 2216 exer·

151 2288 166 2320 a
181 2258 255 2327 citu
270 2255 359 2325 erit?
371 2285 388 2319 »
407 2256 528 2343 Quum
552 2252 714 2350 undique
741 2254 1012 2341 acclamassent,
1034 2261 1123 2352 quin
1137 2256 1215 2326 ede·

150 2383 203 2437 ret
211 2363 239 2449 ³,
258 2366 351 2464 quid
351 2367 445 2461 steri
457 2363 544 2435 velit
552 2391 564 2449 ;
579 2389 651 2433 uon
665 2371 820 2460 segniter
833 2372 1023 2463 imperium
1040 2390 1214 2463 exsequu-

150 2495 272 2547 turos:
293 2474 510 2572 «Duplicate
531 2490 688 2561 turmas,
706 2477 846 2572 inquit,
864 2477 1019 2547 duarum
1033 2476 1213 2573 legionum

148 2586 339 2681 «equites,
363 2599 399 2654 et
421 2585 615 2681 permittite
638 2589 780 2682 equosl
803 2588 840 2655 in
861 2611 1017 2657 cuneum
1039 2588 1212 2674 hostium,

69 2720 73 2727 ·
149 2719 253 2789 «quo
272 2707 415 2763 nostros
433 2708 573 2790 urgent.
592 2693 634 2763 Id
651 2719 733 2765 cum
753 2695 888 2788 majore
909 2697 943 2764 vi
965 2722 1145 2794 equorum
1164 2696 1212 2767 fa·

149 2836 166 2869 «
180 2804 299 2888 cietis,
323 2805 352 2872 si
378 2800 569 2873 effrenatos
593 2805 630 2872 in
657 2829 720 2875 eos
744 2828 858 2901 equos
882 2806 1090 2893 immittitis3
1114 2804 1213 2903 quod

148 2938 271 3011 «saepe
296 2936 467 2983 romanos
498 2911 664 3008 equites⁵
695 2939 778 2985 cum
805 2938 932 3010 magna
959 2915 1064 2985 laude
1091 2913 1213 2987 fecisse

149 3053 165 3086 «
179 3047 262 3109 sua,
280 3022 462 3092 memoriae
481 3020 664 3119 proditum
687 3039 741 3094 est
755 3055 781 3092 a.
802 3025 908 3094 Dicto
926 3042 1140 3122 paruerunt,
1153 3025 1213 3097 de·
1266 3110 1270 3120 ,

148 3134 341 3228 tractisque
360 3131 470 3204 irenis
490 3133 546 3204 bis
565 3133 662 3204 ultro
676 3136 840 3229 citroque
859 3159 941 3204 curn
956 3160 1084 3231 magna
1101 3151 1213 3234 strage

149 3243 331 3331 hostiurn,
360 3242 517 3314 infractis
549 3244 719 3315 omnibus
746 3245 878 3331 hastis,
914 3261 1211 3316 transcurrerunt.

145 3464 201 3500 ante
212 3451 285 3499 Frob.
298 3451 340 3514 qui
349 3468 370 3497 a.
385 3452 450 3498 1535
460 3451 588 3516 ignobilem
601 3452 656 3498 sub·
700 3451 803 3515 equites,
816 3464 841 3498 et
853 3452 1030 3516 inquit(quod
1040 3453 1128 3516 passim
1143 3453 1214 3500 omit·

144 3532 235 3587 stituit,
246 3532 309 3579 forte
320 3548 333 3577 e
345 3531 400 3578 eod.
411 3533 524 3594 Mogunt.
700 3531 772 3587 titur,
790 3531 828 3576 vel
843 3547 874 3577 ex
890 3547 957 3594 seqq.
970 3531 1133 3594 supplendum
1143 3531 1197 3594 est)
1207 3546 1213 3578 τ

183 3610 306 3658 Cur.Xl,.
327 3626 348 3656 1.
364 3613 426 3657 Duce
439 3610 656 3673 aioepuguabant,·
700 3609 799 3673 Ecquid
806 3610 908 3666 auxilii,
921 3621 967 3657 etc.
977 3608 1034 3656 vide
1043 3608 1073 3655 ad
1085 3612 1142 3672 I,9,
1155 3626 1178 3655 n.
1189 3609 1214 3656 3.

145 3688 241 3737 vidend
252 3691 336 3745 XXV,
347 3705 377 3736 ar
388 3724 395 3747 ,
407 3705 432 3734 n.
447 3697 470 3744 t..
481 3715 515 3725 -
527 3689 597 3735 Clare
609 3689 656 3736 boc
701 3691 734 3735 Et
742 3689 769 3736 ui
778 3688 840 3754 quid
847 3689 937 3737 auxilii
949 3689 974 3735 in
989 3689 1059 3735 vobis
1069 3700 1119 3745 est,
1133 3699 1214 3736 ectum

145 3768 201 3813 loco
219 3769 263 3813 tria
281 3767 397 3832 distingui
412 3768 516 3815 militum
533 3782 618 3830 genera
631 3768 657 3814 in
695 3769 752 3833 jam
763 3769 794 3815 de
804 3768 850 3816 hoc
863 3785 884 3816 e.
899 3769 945 3814 erit
957 3767 1053 3815 emend.
1064 3768 1177 3817 Gronov.
1189 3775 1214 3814 et

145 3861 247 3892 romano
267 3848 375 3893 exercitu
393 3847 464 3896 Crev.
478 3847 604 3908 observat3
622 3848 656 3894 Ie·
702 3848 776 3910 paulo
790 3860 844 3894 ante
854 3863 933 3910 prope
941 3846 1076 3909 interrupta
1086 3845 1141 3894 acie
1149 3845 1215 3894 nuk.

142 3925 227 3987 gioues
241 3940 254 3970 e
266 3924 360 3970 civibus
373 3927 493 3982 romanis3
508 3927 572 3981 aioe,
588 3943 601 3972 e
618 3941 658 3973 so·
703 3938 727 3974 ct
737 3927 811 3975 Drak.

145 4003 190 4049 elis
201 4013 225 4049 et
239 4002 338 4049 nomine
347 4004 425 4051 latino
434 4016 537 4051 externa
547 4005 657 4063 usitilia,
740 4007 763 4052 3.
775 4005 838 4067 Quin
849 4004 929 4050 ederet
935 4022 946 4060 ‚·
957 4005 1013 4052 ride
1024 4005 1056 4052 ad
1065 4007 1092 4063 I,
1103 4008 1145 4063 18,
1157 4021 1182 4052 n.
1190 4021 1214 4059 a.

145 4084 177 4129 cx
189 4081 242 4127 aliis
254 4081 374 4143 gentibus.
389 4085 434 4131 En.
707 4095 729 4130 et
745 4086 911 4144 va11‚49,
925 4100 950 4131 n.
966 4086 987 4131 5.

180 4160 443 4225 2.Percuiereimpetu
457 4179 515 4218 suo,
532 4181 565 4210 sc.
584 4164 659 4226 legio·
740 4171 763 4217 4.
785 4162 918 4208 Permittite
943 4177 1016 4225 equos
1039 4163 1064 4209 in
1080 4178 1103 4210 c.
1118 4162 1142 4210 lt.
1160 4162 1215 4209 vide

145 4258 203 4299 nes,
218 4240 255 4286 vel
275 4238 384 4297 bostem,
399 4253 425 4287 ut
439 4243 477 4297 ll,
493 4242 541 4291 652
556 4244 658 4297 XXIII,
703 4241 734 4288 ad
747 4243 785 4297 11,
798 4241 845 4298 56,
856 4258 881 4287 n.
898 4257 920 4288 r.
931 4242 992 4288 Mox
1002 4243 1028 4291 τὸ
1044 4259 1163 4305 equorum
1176 4244 1215 4290 vel

147 4328 193 4378 4103
213 4321 335 4375 XXXIV,
353 4320 383 4366 15
402 4335 439 4383 pr.
458 4319 522 4366 Dulr.
538 4322 610 4369 Conl.
627 4321 659 4368 ed
703 4322 731 4371 τὸ
746 4337 820 4384 equos
832 4322 893 4366 Iorte
905 4320 1031 4384 glossatori
1041 4320 1154 4369 debetur.

148 4398 658 4460 II,14,n.a.Pertulereimpetumsuum
739 4402 762 4447 5.
776 4400 803 4447 Si
820 4399 967 4464 cffieuasos,
987 4400 1113 4461 Insanos,
1136 4400 1161 4447 iu
1174 4417 1214 4447 eos

144 4479 183 4524 rel
196 4478 297 4541 impetus
308 4493 363 4525 suos
377 4479 444 4538 conj.
459 4477 534 4524 Faber
554 4489 576 4525 et
588 4480 656 4528 em.
702 4480 785 4527 hostes
802 4495 875 4542 equos
898 4478 1043 4534 immittitis,
1063 4480 1133 4543 quod
1150 4496 1216 4544 serpe

145 4582 178 4591 -
202 4558 271 4621 Equo
299 4557 427 4604 advehitur
450 4556 487 4604 ad
511 4557 657 4621 legionarios
703 4575 817 4606 romarios
836 4558 943 4621 equites,
964 4570 1009 4606 cto.
1028 4562 1094 4606 conl.
1107 4561 1152 4616 tv,
1167 4560 1216 4607 33.
