2722 5040
178 756 302 871 t3{;,⁸:j
396 779 491 846 mu.
524 778 603 844 xn.
632 779 973 846 oar.v11.v1n.
1147 779 1216 873 437

152 898 253 971 aditu
271 899 392 994 januae
416 912 523 968 arcet.
546 900 770 986 Demetrius,
789 922 857 997 per
875 900 1013 987 vinum,
1033 899 1136 997 quod
1159 925 1221 971 ex-

153 1009 381 1095 cluderetur,
396 1009 579 1107 paulisper
588 998 806 1080 'vociferatus
816 1064 825 1099 ,
835 1011 873 1079 in
887 1011 1093 1081 convivium
1107 1009 1221 1108 redit,

152 1121 265 1191 totius
285 1121 338 1190 rei
350 1120 504 1216 ignarus.

202 1232 295 1299 VIII.
323 1233 473 1299 Postero
495 1228 553 1299 die
577 1231 747 1316 Perseus,
773 1253 883 1325 quam
909 1231 1067 1328 primum
1087 1254 1220 1301 conve·

154 1339 278 1411 niendi
294 1353 453 1438 potestas
471 1341 581 1438 patris
599 1338 684 1426 fuit,
702 1341 839 1436 regiam
859 1342 1057 1438 ingressus,
1076 1356 1220 1438 pertur-

154 1450 241 1521 bato
262 1450 365 1521 vultu
391 1452 429 1520 in
451 1463 648 1547 conspectu
671 1451 803 1547 patris¹
829 1451 958 1520 tacitus
979 1450 1107 1547 procul
1133 1474 1221 1520 con·
1279 1535 1281 1539 Α

154 1563 256 1633 stitit.
281 1563 366 1647 Cui,
383 1586 499 1658 quum
520 1575 639 1658 pater,
660 1559 793 1631 «Satiu’
810 1560 912 1631 salvae
923 1562 961 1630 Ρ»
977 1574 1032 1647 et,
1048 1585 1219 1657 quaenam

154 1697 199 1742 ea
220 1677 387 1742 moestitia
408 1687 501 1742 esset
519 1672 754 1767 interrogaret
774 1695 878 1759 eum,
899 1702 916 1736 «
932 1675 986 1741 De
1004 1671 1105 1743 lucro
1134 1671 1219 1757 tibi,

154 1784 327 1879 «inquit,
349 1784 468 1853 vivere
487 1806 546 1851 me
568 1783 667 1852 scito.
691 1787 769 1851 Iam
796 1807 872 1851 non
896 1781 1045 1855 occultis
1068 1807 1088 1851 a
1112 1780 1223 1853 fratre

155 1893 344 1989 «petimur
362 1891 508 1962 insidiis.
536 1895 652 1964 Nocte
674 1914 756 1962 cum
775 1892 920 1961 armatis
939 1890 1088 1961 domum
1106 1892 1149 1961 ad
1167 1894 1222 1962 iu-

154 2032 171 2066 a
188 1998 438 2072 terficiendum
454 2027 512 2072 me
525 2002 643 2089 venit3
660 2000 859 2096 clausisque
876 1998 1032 2089 foribus,
1046 2004 1222 2096 parietum

155 2112 351 2210 «praesidio
371 2137 427 2183 me
447 2139 466 2182 a
487 2112 609 2183 furore
629 2113 706 2207 ejus
726 2136 805 2182 sum
825 2125 998 2181 tutatus».
1017 2115 1139 2202 Quum
1159 2134 1221 2206 pa·

155 2246 280 2292 vorem
303 2223 455 2292 mixtum
479 2222 717 2292 admiratione
738 2223 830 2318 patri
848 2220 1046 2315 injecisset,
1061 2222 1222 2315 «Atqui,

156 2333 215 2402 «si
230 2354 334 2402 aures
349 2331 511 2430 praebere
528 2346 654 2429 potes,
675 2333 815 2429 inquit,
834 2329 1059 2400 manifestam
1079 2354 1154 2400 rem
1173 2344 1224 2400 te·

156 2471 173 2505 α
187 2466 294 2529 neas,
315 2440 440 2513 faciam
455 2473 482 2512 a.
507 2448 700 2512 Enimvero
717 2468 772 2530 se,
795 2440 981 2539 Philippus
1000 2439 1139 2523 dicere,
1159 2465 1224 2511 aaa·
1316 2453 1319 2461 '

156 2551 336 2638 diturum,
361 2553 555 2649 vocarique
583 2553 767 2649 extemplo
792 2553 1017 2622 Demetrium
1038 2552 1164 2646 jussit3
1187 2563 1223 2622 et

157 2663 318 2733 seniores
337 2661 429 2732 duos
448 2664 599 2749 amicos,
622 2664 897 2759 expertesinter
913 2662 1041 2733 fratres
1061 2662 1223 2732 certami-

157 2797 248 2842 num
256 2782 282 2859 ²,
294 2770 539 2868 infrequentes
550 2773 622 2865 jam
637 2774 674 2842 in
688 2775 800 2868 regia,
812 2772 1064 2868 Lysimachum
1077 2786 1113 2843 et
1128 2777 1224 2842 Ono-

157 2896 312 2953 mastum
331 2883 496 2969 arcessit,
516 2907 608 2979 quos
626 2884 664 2952 in
686 2885 837 2954 consilio
854 2883 1016 2956 haberet.
1044 2888 1139 2952 Dum
1161 2906 1224 2953 ve·

156 2993 263 3065 niuut
284 2993 407 3078 amici,
427 2992 544 3081 solus,
566 2991 641 3063 filio
664 2994 792 3089 procul
810 3007 947 3078 stante,
969 2990 1083 3061 multa
1101 3015 1223 3060 secum

159 3102 280 3172 animo
301 3102 488 3186 volutans,
510 3101 756 3173 inambulavit.
781 3109 975 3197 Postquam
1000 3102 1139 3170 venisse
1163 3124 1225 3170 eos

160 3214 365 3283 nuntiatum
396 3227 473 3300 est,
500 3213 645 3283 secessit
674 3213 713 3280 in
740 3227 878 3309 partem
906 3211 1114 3280 interiorem
1142 3233 1224 3280 cum

195 3399 255 3447 Car.
265 3399 334 3446 VIII.
349 3413 370 3444 1.
384 3401 414 3444 In
433 3408 559 3461 conspectu
571 3394 665 3459 patris,
712 3403 831 3457 perpetuo
844 3403 886 3438 aut
897 3391 1086 3455 praesemissimo
1095 3391 1153 3438 vitre
1163 3392 1224 3455 peri·

160 3479 223 3527 sorte
236 3479 261 3525 r'n
272 3495 294 3526 c.
308 3478 373 3544 ejus,
387 3493 419 3524 ne
431 3476 514 3524 eadem
528 3492 579 3523 vox
596 3475 669 3522 toties
714 3470 770 3518 culo
789 3481 904 3530 versetur,
919 3481 944 3517 et
960 3487 1033 3517 exeo
1045 3470 1087 3516 vix
1098 3486 1126 3516 ac
1136 3481 1225 3533 pitter

159 3568 290 3622 repetetur.
302 3584 337 3593 —
350 3556 405 3613 cai,
415 3572 488 3619 quum
503 3567 616 3618 pater...
634 3553 672 3600 in-
714 3549 856 3614 opinionem
870 3550 980 3596 evaserit,
997 3549 1036 3598 cf.
1051 3548 1145 3595 Ernesti
1158 3548 1225 3596 Clav.

161 3647 296 3700 terrogaret
312 3652 420 3692 eum,...
439 3634 534 3698 inquit:
547 3634 672 3697 pronomi-
716 3629 768 3676 Cic.
786 3626 922 3674 Miucherl.
941 3627 972 3673 ad
987 3629 1073 3673 Horat.
1091 3625 1139 3673 od.
1152 3629 1179 3686 Ι,
1191 3641 1225 3689 9,

160 3731 192 3762 ne
206 3713 247 3762 eui
258 3725 346 3761 ereum
360 3713 470 3777 (quoda
484 3711 671 3774 IMSSabeat)
717 3725 738 3755 v.
755 3715 798 3766 14,
814 3719 838 3754 et
851 3707 931 3770 intpp.
946 3707 1024 3755 Plaut.
1038 3707 1114 3753 Mero.
1130 3709 1181 3766 ΙΙΙ,
1194 3721 1226 3766 a,

160 3793 278 3855 ejicienda
297 3793 425 3851 videntum
444 3796 520 3841 Gron.
540 3818 575 3826 -
593 3790 673 3837 Satin*
717 3805 740 3834 v.
761 3802 788 3848 93
804 3786 874 3833 Grae.
890 3788 1009 3849 Cyneget.
1026 3794 1058 3846 94
1070 3803 1077 3842 3
1091 3796 1115 3832 et
1128 3787 1225 3833 Terent.

161 3871 389 3929 salvoehiueadi,
404 3873 453 3931 58,
465 3888 490 3919 n.
506 3871 530 3919 3.
541 3897 576 3907 -
587 3873 623 3917 De
634 3871 671 3917 Iu·
715 3867 813 3916 Phorm.
825 3869 864 3924 11,
880 3882 946 3923 1‚n.
966 3867 1012 3922 16,
1025 3864 1151 3929 Quidquid
1161 3880 1227 3929 pm·

162 3967 204 3998 cro
216 3952 267 4015 (ex
284 3951 378 3999 emend.
398 3951 481 4014 Sigon.
499 3965 546 4013 pro
561 3949 592 3996 de
608 3948 672 3996 ladi-
715 3959 752 3995 ter
767 3962 833 4010 spem
852 3944 960 4001 eveniat,
976 3960 1046 3991 ornae
1064 3944 1092 3991 id
1109 3944 1227 4009 deputare

162 4047 204 4078 oro
213 4028 238 4094 ),
256 4031 354 4080 fortuna
374 4030 507 4094 insperata,
527 4029 570 4076 tibi
583 4029 593 4093 (
604 4028 671 4091 quod
715 4043 765 4074 esse
777 4025 801 4072 in
813 4025 887 4072 lucro.

162 4110 286 4179 παρέλκει·
303 4108 402 4157 vidend
418 4109 512 4157 Praefat.
527 4126 551 4156 u.
568 4105 672 4172 12)or'·
751 4122 775 4153 a.
789 4108 906 4169 Expertes
928 4104 990 4150 inter
998 4101 1095 4166 fratres
1115 4101 1228 4150 certami-

163 4205 216 4237 vere
234 4205 289 4242 me,
305 4199 332 4235 ut
353 4188 418 4252 apud
435 4189 488 4236 Cic.
500 4188 531 4235 ad
544 4188 604 4235 Div.
618 4187 672 4243 11,
715 4203 789 4241 num,
802 4184 884 4247 quales
895 4199 946 4230 ease
959 4183 1096 4242 debebunt,
1106 4180 1228 4245 quiaimul

166 4283 195 4327 17
205 4284 212 4328 ;
221 4268 246 4315 h.
256 4284 279 4315 e.
291 4267 367 4314 vitam
376 4279 493 4315 serratam
503 4282 594 4331 ponere
603 4268 629 4314 in
638 4265 674 4313 ln·
716 4281 771 4313 cum
790 4275 860 4328 patre
876 4262 971 4323 judicer
990 4262 1065 4310 futuri
1086 4272 1161 4308 erant.
1175 4261 1227 4306 Ex·

164 4362 207 4394 cro
219 4345 346 4395 etbonum
358 4357 458 4409 putare,
470 4347 537 4409 quod
548 4346 622 4403 mihi,
631 4344 674 4408 qui
712 4355 796 4409 perros
808 4360 820 4403 7
832 4343 894 4390 MSS
909 4353 934 4390 et
948 4341 1004 4389 edd.
1015 4352 1070 4389 ente
1082 4340 1229 4397 Curionem

162 4426 260 4487 jamjam
278 4425 410 4472 moriturae
431 4425 529 4481 fuerim,
548 4441 601 4474 uon
620 4425 674 4488 opi·
719 4433 831 4486 expertos
838 4420 988 4484 juvenalium
1000 4421 1063 4467 inter
1062 4417 1158 4484 fratres
1170 4426 1229 4468 cm.

166 4505 236 4553 nati
255 4503 401 4568 eontigerit,
420 4517 448 4554 ut
466 4505 574 4563 homini,
589 4502 632 4566 qui
649 4504 675 4550 in
721 4496 1229 4562 cod.uogunt.c0nf.ad1t¹‚9,u.a.-
