2722 5040
181 657 250 742 ιιι.
600 659 810 728 s.·1,1v11
1096 637 1225 740 &12:333

178 805 262 850 cum
282 784 322 849 L.
342 781 518 876 Scipione
537 779 714 852 inchoata
725 783 906 870 fuissent,
923 779 1248 877 perficiendarum.

101 933 105 942 ·
183 893 245 960 Cn.
268 888 449 960 Manlium
469 914 614 960 summa
637 914 706 987 ope
730 888 938 977 tetendisse,
961 905 1002 959 ut
1018 914 1099 959 eam
1113 915 1251 986 pacem

156 1078 161 1085 ‚
179 999 357 1086 turbaret,
377 999 658 1086 etAntiocbum,
676 1004 710 1069 si
723 1005 783 1071 sui
785 1014 1003 1096 potestatem
1007 1001 1161 1090 fecisset
1167 1053 1179 1086 ,
1198 1004 1250 1070 in-

135 1170 140 1175 .
177 1110 278 1179 sidiis
300 1104 501 1206 excuteret,
524 1108 592 1179 sed
614 1108 735 1196 illum,
762 1115 905 1205 cognita
915 1110 1057 1200 fraude
1075 1112 1249 1194 consulis,

178 1242 292 1314 quum
305 1244 403 1316 sape
415 1217 604 1316 colloquiis
612 1224 733 1315 petitis
747 1235 912 1317 captatus
921 1230 934 1262 ²
943 1235 1041 1292 esset
1045 1274 1056 1306 ,
1074 1246 1149 1290 non
1162 1245 1249 1292 con·

174 1353 336 1425 gressum
362 1330 496 1416 moda,
526 1328 594 1399 sed
619 1345 844 1426 conspectum
868 1335 978 1401 etiam
1001 1332 1079 1425 ejas
1104 1336 1249 1403 vitasse.

181 1442 390 1537 Cupientem
408 1445 561 1510 transire
583 1445 745 1510 Taurum
758 1464 855 1537 aegre
868 1446 1031 1511 omnium
1049 1441 1249 1538 legatorum

169 1550 356 1647 precibus,
378 1575 424 1622 ne
441 1550 662 1621 carminibus
679 1549 825 1644 Sibylla
835 1552 1057 1647 praedictam
1076 1577 1250 1649 superan-

177 1661 271 1731 tibus
292 1666 461 1730 terminos
474 1659 616 1751 fatales
639 1659 781 1731 cladem
807 1667 967 1757 experiri
982 1661 1108 1748 uellet,
1135 1679 1247 1734 reten-

177 1785 253 1860 tum
267 1797 278 1838 .·
293 1771 494 1842 admouisse
510 1786 632 1843 tamen
648 1776 865 1858 exercitum,
885 1787 922 1841 et
924 1798 1046 1869 prope
1058 1778 1145 1870 ipsis
1146 1775 1248 1870 jugis

113 1918 115 1924 ⁴
176 1881 229 1951 ad
241 1882 393 1953 divortia
410 1877 616 1979 aquarum³
636 1896 755 1954 castra
767 1888 945 1977 posuisse.
968 1885 1090 1973 Quum
1108 1881 1247 1956 nullam

176 1988 230 2061 ibi
250 2016 401 2063 causam
428 1990 514 2062 belli
538 1996 728 2078 inveniret,
752 1990 1015 2088 quiescentibus
1035 1998 1161 2088 regiis,
1180 2000 1248 2065 cir·

175 2108 370 2198 cumegc'sse
384 2109 581 2173 exercitum
596 2102 650 2171 ad
665 2100 908 2198 Gallogracos
922 2129 933 2171 .·
947 2108 1008 2173 cui
1019 2109 1163 2174 nationi
1175 2129 1248 2175 non

176 2235 225 2282 ex
241 2228 388 2283 senatus
406 2217 641 2299 auctoritate,
664 2235 738 2282 non
755 2210 1027 2311 populijussu,
1054 2212 1188 2287 bellum
1207 2212 1249 2287 il·

175 2323 300 2392 latum.
326 2322 439 2414 Quod
457 2347 565 2419 quem
582 2347 751 2420 unquam
775 2321 822 2392 de
847 2346 916 2391 sua
936 2328 1113 2393 sententia
1117 2326 1249 2415 facere
1322 2405 1325 2410 ¹

173 2435 333 2502 ausum?
350 2432 539 2520 Antioclu‘,
560 2431 741 2530 Plrilippi,
760 2431 983 2507 Hannibalis
1001 2447 1038 2502 et
1050 2438 1248 2504 Poenorum

174 2547 417 2613 recentissima
448 2541 543 2613 bella
571 2569 673 2615 esse:
696 2542 743 2614 de
769 2542 937 2614 omnibus
965 2543 1019 2613 liis
1044 2542 1248 2614 consultum

173 2667 360 2739 senatum,
374 2653 559 2751 populum
571 2656 770 2753 jussisse⁴;
787 2678 887 2751 sape
908 2653 1042 2749 legatos
1062 2670 1147 2724 ante
1164 2661 1248 2726 mis·

173 2787 253 2848 sos,
277 2788 333 2833 res
358 2771 543 2862 repetitas,
559 2782 768 2864 postremo,
789 2769 857 2861 qui
876 2762 1010 2834 bellum
1030 2765 1246 2851 indicerent,

174 2879 309 2945 missos.
326 2875 453 2964 «Quid
467 2901 615 2963 eorum,
630 2879 697 2946 Cn.
713 2875 843 2962 Manli,
858 2873 994 2946 factum
1010 2889 1082 2961 est,
1095 2889 1136 2945 ut
1150 2875 1246 2946 istud

173 2983 391 3082 «publicum
410 2986 538 3083 populi
563 2986 708 3055 romani
732 2983 930 3065 bellum-et,
951 3008 1028 3055 non
1047 2997 1151 3054 tuum
1173 2985 1245 3082 pri·

173 3123 190 3158 s
203 3108 326 3165 vatum
352 3094 586 3166 latrocinium
609 3096 808 3166 ducamus?
826 3099 872 3166 At
892 3119 937 3166 eo
955 3095 1034 3193 ipso
1052 3109 1247 3165 contentus

173 3232 191 3268 α
204 3200 324 3290 fiiisti3
343 3217 445 3276 recto
464 3205 593 3277 itinere
612 3204 746 3278 duxisti
765 3206 962 3278 exereitum
984 3203 1030 3274 ad
1047 3187 1129 3289 ebs,
1153 3228 1247 3302 quos

171 3344 188 3378 ι
203 3311 270 3384 tibi
288 3312 409 3386 hostes
425 3313 697 3414 desumpseras3
723 3341 769 3385 an
785 3329 822 3386 et
838 3339 904 3413 per
920 3338 1048 3384 omnes
1064 3311 1246 3385 anfractus

171 3452 189 3488 α
203 3425 359 3513 viarum,
377 3450 493 3522 quum
512 3425 558 3497 ad
579 3425 676 3498 bivia
694 3427 929 3513 consisteres,
949 3439 1010 3511 ut,
1032 3448 1107 3521 quo
1125 3422 1245 3495 flexis-

68 3737 75 3743 ·
171 3673 297 3736 quianon
315 3676 345 3723 de
361 3676 457 3742 legibus
472 3677 527 3726 aliis
543 3693 624 3726 sermo
640 3679 686 3735 sit,
768 3677 792 3724 3.
803 3675 846 3724 Ad
860 3673 965 3722 divortia
983 3689 1125 3736 narrarem
1144 3671 1176 3720 ad
1190 3688 1245 3720 eum

170 3768 242 3816 quum
254 3754 346 3818 quihus
357 3756 437 3804 sadus
448 3755 500 3806 fist.
514 3757 562 3806 Sed
575 3757 686 3806 similiter
731 3756 758 3802 in
771 3756 830 3819 ipsis
840 3755 906 3818 jugis
918 3753 1014 3810 locum,
1032 3751 1176 3814 undasque
1190 3749 1245 3814 plu-

170 3833 299 3893 mur,
313 3835 627 3902 34,diciturnecsoedcre,
641 3852 686 3884 nec
730 3834 806 3882 vinles
824 3834 863 3882 vel
884 3833 990 3881 lontanae
1007 3848 1052 3896 per
1069 3830 1178 3879 diversas
1195 3830 1245 3877 vias

171 3911 249 3975 oequr's
263 3913 370 3979 legibuss
384 3914 459 3963 Drak.
476 3942 510 3954 -
527 3917 626 3962 Samma
640 3932 685 3980 ope
730 3912 874 3972 decurrunt;
886 3912 935 3961 vid
945 3912 1082 3970 xx1,31‚
1098 3926 1124 3958 ιι.
1137 3918 1162 3965 4.
1174 3912 1220 3958 En.

171 3991 299 4040 tetendisse
307 4011 317 4050 ;
328 3994 385 4041 vide
399 3993 430 4041 nd
444 3995 488 4052 lv,
504 4010 567 4056 7,n.
582 3994 606 4042 6.
766 4003 791 4050 4.
802 3997 840 4042 De
853 3993 962 4041 omnibus
975 3991 1051 4040 iis...
1065 3991 1185 4056 populum
1191 3990 1245 4056 jus·

206 4084 231 4117 ι.
247 4070 378 4137 colloquiis
387 4072 470 4136 petitis
483 4083 596 4136 captatus
603 4090 613 4129 ,-
630 4072 686 4120 vide
730 4074 788 4122 sisse
792 4092 802 4131 ,·
821 4073 878 4121 vide
898 4071 930 4121 ad
942 4074 998 4129 tx,
1014 4073 1061 4130 43,
1071 4087 1097 4118 n.
1111 4086 1134 4118 ι.
1148 4097 1184 4107 -
1193 4072 1246 4117 Du-

171 4145 202 4193 nd
215 4150 305 4209 xxii,
320 4152 369 4210 28,
385 4168 410 4199 n.
428 4167 450 4198 ι.
463 4176 498 4186 -
515 4149 686 4214 lferruinossa·
731 4169 815 4200 camus
831 4152 872 4200 hic
892 4151 958 4199 dedit
979 4149 1055 4198 nuk.
1074 4165 1121 4215 pro
1136 4148 1246 4197 dicamus

171 4226 245 4284 ates,
256 4230 364 4278 Taurum
377 4245 479 4293 nempe,
489 4244 561 4291 quem
571 4240 685 4294 unquam
731 4232 825 4296 vulgari
835 4230 953 4289 lectione,
963 4241 993 4277 ut
1006 4229 1112 4277 ducebas
1124 4244 1170 4294 pro
1181 4227 1246 4275 dico

171 4309 301 4357 terminum
321 4326 334 4356 ι
354 4309 404 4357 isto
420 4309 609 4374 prescriptum,
628 4310 686 4360 libri
731 4312 775 4359 bat
789 4309 867 4358 edidit
878 4325 950 4374 supra
965 4307 997 4357 ul
1012 4324 1067 4372 cap.
1082 4308 1128 4366 43,
1141 4307 1185 4356 ubi
1196 4305 1245 4354 vid.

170 4385 287 4452 Sibyllini
297 4387 399 4437 transire
408 4387 534 4437 imbuat.
545 4389 589 4437 En.
732 4406 757 4437 n.
771 4406 793 4439 1.
804 4391 848 4437 En.
