2722 5040
173 731 239 828 196
593 731 630 798 r.
660 731 800 799 mvn

206 860 240 914 1..
255 853 386 914 AEmilius
402 849 527 909 Paullus.
538 881 578 895 -
589 852 843 918 XLVII-xum
859 849 911 908 His
921 849 1076 928 respondet
1091 850 1223 910 Manlius.

204 976 245 991 -
256 949 296 1015 L;
308 941 485 1020 Triumphus
500 941 528 999 ei
543 940 725 1012 decernitur3
747 953 776 998 et
793 954 938 1001 certamen
958 941 1016 1000 hoe
1035 943 1143 1020 excipit
1159 963 1225 1001 mox

207 1036 285 1096 aliud
299 1037 441 1113 longeque
458 1033 556 1110 majus.
575 1037 642 1092 Duo
659 1038 696 1107 Q.
714 1032 820 1091 Petillii
835 1030 910 1090 diem
930 1032 1030 1091 dieunt
1048 1039 1080 1091 P.
1096 1034 1225 1112 Scipioni

207 1130 344 1189 Africano
358 1150 364 1183 z
380 1128 438 1204 qui'
444 1126 540 1204 jussus
558 1125 653 1184 dicere
674 1145 803 1197 causam,
823 1126 884 1184 sine
906 1127 965 1185 ulla
978 1127 1131 1184 criminum
1145 1147 1225 1185 men-

208 1224 286 1282 tione
300 1220 457 1279 orationem
472 1218 649 1296 magnificam
665 1217 701 1276 de
719 1217 805 1276 rebus
819 1216 855 1276 ab
870 1239 900 1276 se
918 1219 1004 1296 gestis
1017 1219 1177 1277 exorditur.
1189 1250 1227 1263 -

208 1320 263 1386 L1;
275 1312 397 1373 Tribuni
409 1310 516 1389 plebis,
530 1309 741 1388 suspicionibus
758 1311 848 1388 magis
867 1331 952 1389 quam
967 1312 1154 1388 argumentis,
1175 1331 1225 1369 su-

207 1404 314 1484 perbiae
333 1424 399 1463 eum
413 1416 442 1461 et
456 1402 585 1480 pecuniae
602 1401 639 1460 ab
649 1402 793 1461 Antiocho
805 1416 896 1481 captas
910 1423 990 1461 reum
1006 1418 1157 1476 accusant,
1176 1423 1227 1461 ve·

209 1513 327 1574 teraque
339 1497 460 1554 luxuriae
472 1495 592 1552 crimina
603 1500 848 1572 Syracusanorum
862 1495 1066 1569 hibernorum,
1087 1511 1116 1554 et
1127 1497 1228 1556 Locris

195 1592 415 1650 'Pleminianum
435 1590 603 1658 tumultum,
623 1587 660 1645 ad
680 1587 766 1647 iidem
779 1591 965 1668 praesentium
980 1591 1132 1648 eriminum
1152 1590 1228 1648 rese·

208 1694 286 1742 runt.
308 1682 405 1759 Scipio
427 1695 538 1750 autem,
556 1680 705 1758 praelatus,
728 1701 758 1738 se
783 1681 840 1740 hoc
860 1681 907 1740 die
929 1702 994 1739 cum
1014 1681 1177 1740 Hannibale
1198 1695 1228 1741 et

209 1775 304 1832 Poenis
320 1774 350 1831 in
362 1773 461 1831 Africa
471 1772 547 1831 bene
560 1786 593 1830 et
604 1772 725 1830 feliciter
735 1793 889 1854 pugnasse,
903 1774 938 1831 ad
950 1775 1055 1852 gratias
1074 1774 1128 1832 diis
1144 1795 1230 1853 agen-

208 1866 260 1925 das
271 1865 307 1924 ab
321 1865 433 1924 Rostris
444 1863 591 1923 adscendit
602 1864 632 1921 in
644 1865 819 1942 Capitolium
832 1878 861 1923 et
874 1885 929 1943 per
943 1879 1032 1924 totam
1047 1865 1149 1925 urbem
1166 1886 1229 1923 om-

147 1983 154 1991 ·
209 1960 258 2022 nia
269 1958 390 2017 deorum
405 1959 511 2036 templa
525 1957 670 2028 circumit,
684 1971 877 2035 prosequente
894 1979 959 2015 eum
976 1960 1111 2018 universa
1128 1959 1229 2038 populi

210 2052 359 2111 concione.
375 2084 414 2097 -
430 2055 500 2121 1.11;
523 2057 589 2123 Quo
602 2050 677 2107 sacto
691 2050 721 2107 in
733 2050 912 2108 Literninum
927 2051 1075 2124 concedit,
1091 2065 1118 2109 et
1135 2051 1229 2110 tribu·

210 2143 255 2204 nis
269 2144 346 2202 diem
359 2142 577 2222 prodicentibus
596 2142 748 2200 intercedit
770 2164 845 2201 arnus
866 2164 967 2202 eorum
985 2146 1029 2203 Ti.
1046 2145 1232 2223 Sempronius

211 2236 375 2307 Gracchus,
387 2237 440 2294 etsi
453 2235 585 2294 inimicus
596 2248 639 2292 est
649 2235 843 2312 Scipionibus.
860 2269 899 2280 -
913 2240 1001 2307 L111;
1015 2237 1118 2296 Oratio
1131 2237 1193 2314 ejus
1203 2238 1232 2295 in

212 2327 327 2385 laudem
346 2327 489 2402 Scipionis
505 2323 605 2383 habita
623 2341 719 2384 movet
739 2347 797 2383 non
821 2340 940 2385 eaeteros
960 2328 1064 2401 modo,
1084 2329 1135 2387 sed
1157 2330 1233 2408 ipsos

213 2420 300 2476 etiam
311 2429 500 2487 accusatores,
511 2431 540 2472 rt
552 2417 582 2472 in
595 2431 694 2474 senatu
710 2418 807 2495 gratiae
819 2420 846 2476 ei
857 2420 987 2496 ingentes
998 2436 1129 2497 aguntur.
1139 2423 1232 2480 Silen-

190 2581 192 2583 ‚
207 2511 286 2567 >tium
298 2505 403 2565 deinde
415 2507 451 2564 dc
461 2507 599 2565 Africano
610 2522 669 2578 est;
683 2510 734 2585 qui
748 2510 857 2568 Literni
871 2522 901 2568 et
914 2511 1002 2569 vitam
1016 2512 1074 2589 egit
1084 2513 1144 2570 sine
1156 2513 1233 2571 desi-

214 2599 297 2657 derio
310 2598 428 2675 ingratae
444 2598 559 2675 patriae,
576 2610 605 2655 et
616 2600 732 2675 sepeliri
746 2601 838 2658 voluit
851 2623 857 2657 :
872 2603 919 2659 vir
931 2602 1141 2681 memorabilis3
1154 2604 1234 2663 belli-

216 2691 256 2749 cis
271 2703 380 2760 tamen,
395 2708 482 2767 quam
496 2690 589 2767 pacis,
607 2689 732 2762 artibus,
745 2706 773 2749 et
785 2693 877 2770 prima
888 2693 970 2766 vitae,
980 2713 1064 2772 quam
1076 2710 1233 2772 postrema,

215 2796 298 2864 parte
313 2780 589 2840 memorabilium·
600 2785 682 2854 LIV;
702 2788 797 2842 Morte
813 2783 941 2842 Africani
958 2798 1089 2842 creseunt
1103 2786 1234 2844 inimieo-

217 2897 282 2936 rum
294 2875 396 2945 animi,
420 2885 449 2931 et
464 2886 582 2932 auctore
595 2879 636 2932 M.
646 2875 750 2933 Porcio
763 2879 887 2946 Catone,
902 2875 1031 2954 principe
1043 2896 1160 2949 eorum,
1181 2883 1235 2935 Pe-

219 2969 283 3027 tillii
295 2967 472 3045 rogationem
484 2967 685 3045 promulgant,
699 2980 732 3024 ut
742 2982 897 3045 quaeratur,
915 2982 1055 3046 quantum
1066 2971 1196 3046 pectruiae
1205 2983 1235 3028 et

220 3060 257 3120 ab
273 3059 418 3119 Antiocho
435 3072 566 3138 captum,
585 3060 660 3117 etin
676 3060 809 3118 ararium
822 3060 859 3117 sit
872 3061 1002 3119 relatum.
1022 3066 1093 3133 Quae
1107 3062 1167 3134 lex,
1182 3082 1233 3121 ne-

218 3151 376 3231 quidquam
391 3150 636 3210 intercedentibus
646 3153 792 3210 Mummiis
805 3151 926 3210 tribunis
936 3157 1005 3210 eth
1013 3153 1147 3230 Scipione
1159 3155 1235 3214 Asia-

221 3246 448 3322 tico-querente,
464 3244 571 3322 sepulti
584 3243 657 3301 adeo
672 3244 768 3303 fratris
782 3245 885 3302 lamam
903 3245 1035 3316 lacerari,
1050 3259 1122 3304 etse
1136 3246 1234 3305 cadem

221 3338 335 3397 onerari
352 3336 477 3409 invidia,
495 3336 641 3415 perfertur
660 3336 829 3397 auctoritate
845 3350 873 3394 et
884 3337 1048 3415 eloquentia
1059 3338 1185 3396 Catonis.
1197 3369 1236 3383 -

221 3465 259 3474 -
273 3434 339 3501 Lv;
356 3434 444 3488 lassu
458 3434 575 3487 Petrum
593 3428 778 3505 questionem
793 3443 908 3487 exercet
926 3435 961 3502 Q.
974 3422 1125 3488 Terentius
1136 3431 1236 3489 Culleo

221 3534 338 3601 praetor,
352 3521 494 3581 Corneliae
505 3520 619 3579 samiliae
629 3520 827 3593 amicissimus,
840 3542 926 3598 quem
939 3527 971 3579 P.
984 3523 1081 3601 Scipio
1095 3523 1124 3579 in
1138 3523 1237 3580 Africa

221 3614 340 3673 servitio
359 3626 520 3671 exemerat:
536 3627 566 3671 et
583 3611 735 3670 damnatur
753 3618 785 3671 L.
803 3613 900 3691 Scipio
914 3633 971 3671 una
985 3632 1051 3672 cum
1064 3618 1099 3671 h.
1114 3613 1240 3671 Hostilio

223 3706 316 3783 legato
325 3719 354 3763 et
365 3704 492 3780 cauno
504 3717 653 3781 qtrnstore.
661 3738 702 3748 -
711 3709 790 3775 Lv1;
801 3710 845 3763 De
856 3711 887 3763 P.
900 3705 1042 3782 Scipionis
1056 3720 1240 3776 accusatore,

224 3797 260 3855 de
275 3810 417 3875 tempore,
430 3815 490 3873 quo
504 3795 565 3854 dies
577 3797 604 3854 ei
616 3794 708 3867 dicta,
718 3809 746 3853 et
758 3795 794 3854 de
804 3816 879 3855 anno
890 3797 1025 3874 locoque,
1037 3815 1096 3873 quo
1108 3808 1238 3854 mortuus

223 3889 261 3947 sit
270 3901 299 3945 et
309 3888 450 3966 sepultus,
462 3907 521 3945 non
532 3887 668 3945 convenit
680 3888 755 3946 inter
765 3890 919 3968 scriptores
930 3908 1040 3959 rerum3
1055 3901 1084 3946 et
1095 3889 1240 3946 orationes

224 3994 354 4057 quoque,
372 3979 396 4036 si
411 3976 498 4037 modo
520 3978 650 4056 ipsorum
670 3991 752 4055 sunt,
767 4001 832 4058 quae
845 3982 993 4052 feruntur,
1015 3986 1045 4038 P.
1057 3972 1203 4059 Scipionis
1211 3993 1240 4039 et

223 4072 267 4131 TI.
279 4070 401 4131 Gracchi
417 4069 574 4128 abhorrent
589 4072 664 4129 inter
679 4092 718 4131 se.
729 4108 769 4119 —
779 4077 876 4144 Lv11;
894 4078 1035 4132 Praeterea
1046 4087 1159 4132 constat
1172 4073 1238 4151 qui-

225 4164 308 4236 dem,
325 4162 411 4221 liliam
421 4165 453 4220 P.
464 4161 606 4239 Scipionis
618 4163 755 4241 majorem
770 4171 801 4223 P.
818 4165 945 4224 Cornelii
957 4166 1082 4237 Nasica,
1096 4179 1125 4224 et
1143 4167 1238 4223 mino-

225 4276 288 4315 rem
299 4256 344 4314 Ti.
355 4253 478 4314 Gracchi
490 4274 610 4314 imorem
623 4257 727 4331 fuisse;
739 4279 797 4317 non
808 4278 895 4330 vero,
916 4271 1014 4316 utrum
1029 4258 1089 4316 haec
1107 4258 1240 4316 Graccho

227 4368 243 4406 a
256 4361 338 4427 patre
347 4347 420 4425 ipso,
427 4359 457 4404 et
466 4344 540 4405 adeo
551 4347 627 4406 inter
637 4351 784 4411 solennem
795 4365 910 4410 senatus
920 4371 1027 4409 coenant
1040 4352 1070 4409 in
1078 4351 1240 4428 Capitolio,

228 4460 264 4500 an
282 4452 348 4518 post
365 4452 486 4498 mortem
502 4439 563 4517 ejus
579 4440 721 4524 desponsa
732 4445 769 4502 sit
782 4463 815 4502 ac
826 4445 964 4520 nupserit.
980 4447 1141 4511 -Lvtlt,
1158 4445 1248 4512 uxa
