2722 5040
145 744 193 814 9⁰
407 730 412 737 ’
559 722 596 790 Τ.
613 722 769 794 .less
1069 707 1187 807 ζὲξὲζζ

144 839 254 939 legati
268 839 314 912 ab
332 844 448 915 aona
464 840 689 928 retulerunt,
712 840 854 919 nullam
873 865 974 941 mem
997 845 1096 942 pacis
1113 870 1211 930 esse,

145 956 358 1049 quanquam
374 950 493 1023 omnis
512 976 576 1026 ora
595 953 776 1026 maritima
793 976 940 1041 eornm,
960 979 1042 1052 quae
1057 957 1097 1026 in
1111 956 1213 1028 Pelo

146 1085 351 1159 ponnesnm
371 1086 472 1134 versa
491 1077 565 1150 est,
585 1061 810 1161 depopulata
824 1063 870 1135 ab
884 1064 1021 1138 Achaeis
1034 1081 1130 1156 erat,
1151 1092 1212 1166 pe·

144 1171 251 1247 ricudi
269 1173 401 1271 mag'n,
420 1198 533 1271 quam
549 1171 691 1263 damni,
709 1199 908 1265 memores,
923 1192 964 1248 ut
977 1179 1150 1250 Romanis
1162 1179 1213 1248 in-

146 1281 392 1359 tercluderent
418 1285 509 1371 iter,
537 1289 714 1367 Coracem
741 1299 903 1358 montem
929 1302 1211 1386 occupaverunt.

144 1397 273 1490 Neque
287 1395 388 1470 enim
401 1391 634 1483 dubitabant,
655 1392 701 1467 ad
714 1397 1026 1494 oppugnationem
1037 1397 1213 1494 Naupacti

146 1527 210 1577 eos
229 1505 407 1603 principio
433 1506 528 1578 veris
549 1502 731 1581 redituros
748 1529 836 1577 esse.
858 1505 990 1593 Acilio,
1011 1508 1076 1603 qui
1095 1505 1134 1578 id
1150 1530 1213 1577 ex·

147 1616 302 1712 spectari
316 1614 468 1703 sciehat,
482 1616 594 1688 satius
608 1616 724 1687 visum
741 1629 815 1703 est,
831 1616 1056 1713 inopinatam
1068 1614 1215 1714 aggredi

147 1747 243 1811 rem,
259 1739 296 1798 et
311 1727 468 1797 Lamiam
485 1749 709 1826 oppugnare.
722 1730 817 1801 Nam
828 1741 866 1798 et
880 1752 903 1797 a
918 1725 1084 1824 Philippo
1096 1750 1214 1825 prope

147 1832 194 1905 ad
214 1833 397 1909 excidium
418 1834 595 1908 adductos
619 1861 719 1924 esse3
745 1850 781 1908 et
805 1850 893 1915 tunc
919 1860 964 1907 eo
988 1836 1087 1933 ipso,
1113 1834 1215 1932 quod

146 1947 239 2019 nihil
250 1949 321 2020 tale
335 1951 523 2037 timerent,
539 1950 701 2047 opprimi
716 1949 881 2020 incantos
895 1970 1012 2046 posse.
1030 1944 1216 2018 Profectus

106 2112 108 2116 .
146 2054 192 2128 ah
218 2056 329 2143 Elatia
356 2059 514 2156 primum
532 2060 570 2129 in
596 2059 756 2130 hostiurn
778 2072 873 2129 terra
890 2058 983 2130 circa
1001 2056 1213 2155 Sperchium

146 2191 293 2240 amnem
309 2171 432 2267 posuit
449 2184 583 2243 castra:
603 2169 689 2241 inde
705 2184 815 2241 nocte
827 2170 935 2241 motis
951 2171 1081 2267 signis,
1101 2171 1215 2267 prima

146 2275 232 2351 luce
246 2302 381 2351 corona
399 2281 534 2351 moenia
552 2295 606 2352 est
624 2304 809 2378 aggressus
818 2283 845 2349 ⁴.

195 2393 239 2458 V.
261 2393 415 2487 Magnus
432 2414 544 2488 pavor
560 2416 602 2463 ac
618 2391 812 2477 tumultus,
831 2405 871 2462 ut
886 2391 925 2461 in
943 2416 983 2463 re
1002 2391 1216 2488 improvisa,

148 2496 227 2570 fuit.
245 2502 481 2574 Constantius
499 2515 621 2573 tamen
636 2512 663 2588 ¹,
682 2524 793 2598 quarn
812 2501 895 2599 quis
912 2499 1072 2572 facturos
1091 2500 1220 2572 crede-

40 2632 43 2638 ·
146 2618 224 2696 ret,
243 2609 282 2681 in
296 2624 368 2682 tam
383 2610 508 2683 subito.
519 2610 704 2708 periculo,
718 2635 835 2708 quum
849 2612 916 2681 viri
929 2627 1216 2710 propugnarent,

147 2717 291 2792 feminae
320 2720 392 2793 teia
415 2721 535 2793 omnis
559 2721 700 2818 generis
725 2744 884 2818 saxaque
908 2722 947 2791 in
970 2745 1096 2793 muros
1115 2745 1218 2819 gere·

148 2843 252 2917 rent,
268 2830 345 2924 jam
361 2829 591 2926 multifariam
614 2830 716 2903 scalis
736 2831 929 2929 appositis,
951 2831 1076 2904 urbem
1096 2857 1141 2904 eo
1160 2832 1218 2904 die

149 2938 404 3014 defenderunt.
422 2941 573 3029 Acilius,
588 2942 691 3039 signo
711 2943 875 3040 receptui
892 2940 995 3028 dato,
1013 2966 1098 3014 suos
1112 2943 1149 3012 in
1163 2966 1219 3013 ca·

71 3058 73 3062 ‘
148 3065 223 3130 stra
242 3052 362 3124 medio
380 3053 493 3124 ferme
511 3051 569 3123 die
589 3053 753 3143 reduxit;
772 3067 808 3125 et
829 3067 917 3124 tunc
938 3051 1022 3124 cibo
1040 3066 1077 3124 et
1095 3054 1219 3149 quiete

149 3161 292 3239 refectis
317 3161 550 3260 corporibus,
573 3164 674 3260 prius
697 3186 806 3261 quam
829 3164 1038 3260 praetorium
1059 3158 1220 3234 dimitte·

151 3288 226 3361 ret,
249 3272 495 3360 denuntiavit,
516 3289 558 3345 ut
572 3289 657 3344 ante
677 3272 793 3344 lucem
809 3278 944 3344 armati
950 3278 1152 3370 parata'que
1164 3296 1220 3343 es·

150 3401 239 3458 sent.
261 3390 346 3458 Nisi
367 3399 580 3482 expugnata
598 3383 707 3471 urbe,
728 3408 768 3455 se
791 3408 852 3456 eos
874 3389 912 3453 in
935 3398 1055 3454 castra
1071 3408 1145 3454 non
1165 3407 1221 3452 re·

150 3496 353 3567 ducturum.
367 3493 505 3566 Eodem
520 3509 704 3592 tempore,
720 3518 795 3590 quo
807 3491 940 3590 pridie,
953 3493 1119 3592 pluribus
1132 3492 1221 3564 locis

152 3628 360 3704 aggressus,
378 3629 492 3703 quum
512 3601 714 3704 oppidanos
728 3603 801 3697 jam
820 3604 934 3693 vires,
946 3605 1019 3700 jam
1038 3604 1132 3692 tela,
1147 3603 1221 3702 jam

153 3834 212 3889 vid·
226 3833 259 3885 ⁸3
275 3836 404 3896 nawen·
417 3849 441 3897 9·
453 3861 488 3871 -·
499 3833 664 3896 ῙΛΜῙΜΟΡ·
709 3847 737 3881 σθ
755 3831 821 3896 ipso,
835 3843 882 3883 etc·
896 3835 990 3884 mavult
1005 3837 1082 3884 Doer.
1095 3850 1161 3882 nuno
1173 3849 1221 3898 pro
1296 3861 1307 3876 .

149 3931 279 3981 pugnam
289 3913 403 3969 observat
415 3916 487 3966 Crev.
502 3914 608 3962 Lamiam
624 3912 664 3961 de·
709 3914 782 3962 ΝΜ,
795 3920 868 3967 quam
877 3905 1008 3954 lection·
1020 3907 1109 3966 jnvaut
1124 3903 1223 3970 qnidam

155 3984 231 4049 dium
242 4011 293 4043 esse
302 3996 435 4055 Romanis,
445 4006 545 4044 tumore
558 3995 611 4041 Liv.
621 3992 666 4041 ins.
710 3981 785 4053 ⁰⁰4⁶·
801 3993 861 4032 tute
872 3984 996 4033 Drakenb.
1010 3986 1056 4031 Eu·

155 4077 272 4127 XXXIX
281 4111 289 4136 ,
299 4078 332 4126 23
341 4111 349 4136 ,
357 4089 486 4142 postquam
496 4075 528 4125 ab
536 4092 564 4124 ea
574 4073 666 4137 Philip-
747 4069 771 4118 t·
788 4063 885 4112 Corona
895 4064 985 4112 moenia
993 4076 1029 4112 est
1036 4079 1162 4129 aggressus
1168 4081 1179 4121 ,·
1187 4062 1225 4109 vi-

156 4172 204 4221 pua
218 4159 356 4219 nemrim
375 4169 449 4221 atque
466 4156 574 4212 idcirco,
593 4169 667 4218 quum
712 4140 743 4189 ‘¹⁸
751 4142 784 4191 ’ἃ
793 4146 834 4200 11,
850 4160 930 4206 ¹72⁰·
945 4146 970 4193 3·

156 4236 199 4286 bio
217 4238 300 4287 Mem
320 4239 380 4287 urba
394 4253 477 4286 rursus
496 4243 668 4300 oppugnetur,
752 4225 847 4287 Carnv.
858 4242 880 4285 ‚¹-
891 4225 1045 4273 Comminus
1053 4237 1134 4274 tamen
1142 4239 1229 4287 qnam,

158 4316 289 4369 dicendum
307 4335 361 4368 eam
378 4316 523 4373 abellam,
538 4329 570 4362 na
588 4328 668 4361 secum
714 4321 762 4358 etc.
769 4308 836 4357 hune
847 4305 928 4354 locum
938 4305 973 4353 sic
983 4304 1088 4370 expedi:
1102 4305 1182 4366 Qttum
1190 4313 1227 4348 ta·

156 4408 252 4462 pugnet
263 4397 356 4446 lirim.
368 4397 414 4444 En.
424 4420 459 4432 -
467 4392 595 4442 Adducam
604 4407 654 4440 esse
660 4409 671 4449 ,-
715 4405 770 4437 mea
781 4386 833 4436 viri
839 4421 848 4444 ,
862 4383 1012 4433 constatinus
1021 4392 1224 4450 propugnarent,

160 4478 248 4528 lamiae
259 4477 353 4526 sedicet
367 4473 469 4525 ineolu.
482 4473 602 4523 lin-Et
613 4483 671 4521 tunc
715 4464 850 4534 quamquo
858 4498 864 4511 .
927 4460 1098 4526 [amavero
1107 4464 1169 4520 ula,
1179 4471 1226 4510 etc.
