2722 5040
217 780 284 853 532
639 785 678 851 T.
710 786 847 855 LlVll
1131 778 1192 877 {2³}
1206 779 1252 890 {J}

217 906 389 970 diterranei
407 925 525 969 orama
541 905 688 969 Gadibus
707 905 746 969 ad
764 907 887 995 Syriam
905 931 1010 997 usque
1026 914 1231 1001 complexus,
1248 934 1280 982 et

213 1032 271 1097 per
288 1010 463 1071 immensos
481 1022 639 1070 terrarum
662 1022 784 1071 tractus
800 1011 978 1074 reverentia
996 1016 1120 1078 nomini
1141 1040 1278 1082 romano

217 1111 403 1190 conciliata,
424 1106 585 1189 subjectos
608 1123 715 1170 tamen
739 1108 856 1173 ditioni
880 1113 966 1176 solos
989 1108 1129 1180 habebat
1147 1119 1277 1200 Siciliae,

215 1231 248 1277 et
263 1211 541 1291 circumjectamm
559 1210 656 1273 ltaliae
672 1210 870 1293 insularum,
886 1230 918 1278 et
930 1214 1090 1304 pleraeque
1101 1218 1277 1308 Hispaniae,

211 1317 327 1404 jugum
345 1331 452 1378 tamen
468 1311 615 1375 nondum
632 1310 730 1376 docili
746 1314 876 1378 ferentis
892 1317 1031 1400 cervice,
1046 1322 1196 1407 populos.
1212 1325 1279 1387 Au·

215 1416 327 1507 gendae
353 1414 567 1479 dominationi
592 1437 719 1478 causam
746 1417 974 1505 materiamque
1005 1421 1144 1510 prebuit
1168 1424 1278 1511 potius

215 1518 397 1582 inconsulta
412 1517 555 1580 hostium
569 1533 602 1580 et
613 1518 804 1580 aemulorum
818 1519 970 1606 pravitas,
983 1544 1080 1609 quam
1097 1524 1198 1611 ipsius
1211 1549 1277 1590 am·

213 1621 305 1684 bitio.
323 1618 430 1683 Persei
444 1617 609 1706 inprimis,
625 1618 821 1682 Macedoniae
837 1642 976 1710 regnum
995 1645 1055 1711 per
1073 1609 1219 1692 baudem
1241 1651 1277 1692 ac

214 1723 316 1785 scelus
339 1719 465 1808 adepti,
485 1719 656 1783 cmdelitas
672 1720 706 1781 in
724 1720 896 1806 populares
919 1723 1073 1788 omnibus
1091 1725 1204 1808 invisa,
1225 1750 1277 1792 ve·

214 1845 290 1886 sana
306 1823 390 1886 inter
404 1822 575 1885 immensas
591 1843 669 1909 opes
685 1822 831 1903 avaritia,
850 1823 1084 1891 inconsiderata
1098 1827 1131 1889 in
1148 1829 1276 1916 eapien-

214 1925 263 1991 dis
278 1922 556 2013 exsequendisque
572 1923 712 1987 consiliis
729 1924 855 2004 levitas,
870 1940 902 1987 et
914 1925 1006 1988 illum
1018 1928 1276 2014 pessumdedere,

213 2044 246 2092 et
258 2049 473 2116 quaecumque
489 2041 593 2090 stante
611 2025 674 2089 hoc
685 2027 849 2115 praecipuo
865 2048 1006 2091 romanae
1024 2030 1177 2116 potentiae
1188 2031 1276 2094 velut

126 2160 129 2164 ⁴
213 2133 306 2194 freno
326 2145 410 2194 stare
428 2143 588 2216 poterant.
606 2127 811 2191 Redundavit
828 2128 915 2191 enim
932 2129 965 2192 in
985 2130 1063 2195 alios
1081 2131 1150 2211 ejus
1167 2155 1276 2214 casus,

212 2255 273 2297 neo
289 2230 501 2296 finitimorum
515 2246 663 2311 tantum,
680 2229 737 2293 sed
749 2252 863 2292 eorum
881 2229 993 2314 etiam,
1007 2233 1065 2319 qui
1084 2233 1211 2322 longius
1228 2256 1277 2297 re·

212 2335 292 2400 moti
308 2349 409 2414 erant,
421 2332 548 2395 ruinam
562 2332 665 2394 traxit.
674 2329 892 2394 Macedonum
906 2331 1040 2395 exitium
1052 2349 1187 2420 sequuta
1201 2356 1275 2397 cum

211 2433 334 2500 Achaeis
349 2432 529 2521 Carthago:
544 2448 658 2519 atque,
671 2431 789 2495 horum
801 2431 945 2495 cladibus
959 2434 1275 2498 convulsoomnium

172 2556 176 2566 ’
213 2552 316 2616 statu,
329 2533 452 2620 reliqua
465 2534 531 2612 jam
548 2533 697 2620 imperia,
714 2531 912 2618 aliquamdiu
925 2532 1082 2616 obnoxia,
1092 2552 1165 2622 post
1178 2538 1275 2624 paulo

211 2657 340 2714 eversa,
368 2633 401 2695 in
429 2654 600 2695 romanum
628 2633 800 2718 imperium
826 2650 941 2696 cuncta
969 2652 1144 2700 cesserunt.
1167 2640 1275 2726 Atque

211 2735 299 2814 burc,
314 2748 352 2795 ut
368 2732 447 2794 locis
463 2731 728 2818 temporibusque
745 2731 886 2813 diversa,
899 2733 942 2796 ita
957 2758 992 2799 re
1009 2738 1198 2821 conjuncta,
1212 2741 1273 2805 sub

209 2857 279 2900 uno
297 2846 428 2919 aspectu
440 2831 494 2893 hic
512 2835 635 2918 ponere
651 2833 765 2914 libuit,
782 2832 1199 2902 intuenti-imminensmox
1215 2841 1275 2904 llo·

211 2936 313 3002 manis
329 2957 347 2998 a
361 2934 479 2997 Perseo
495 2932 613 2995 bellum
624 2980 633 3012 ,
643 2931 732 2996 unde
747 2933 877 2995 initium
893 2937 1031 3000 maxime
1046 2938 1211 3002 crescendi
1224 2963 1273 3004 res

209 3057 351 3103 romanae
370 3053 492 3121 cepere.
514 3031 597 3095 lllud
615 3033 734 3096 bellum
753 3049 833 3096 tunc
852 3037 1012 3123 coquebat
1025 3040 1190 3103 occultum
1203 3041 1274 3104 Per

209 3134 306 3204 sbus:
326 3133 522 3198 lacessebant
541 3133 658 3222 magis,
678 3156 775 3220 quam
793 3136 1004 3217 exercebant,
1032 3162 1164 3204 romana
1186 3163 1272 3206 arma

208 3239 342 3328 Ligures
358 3250 390 3298 et
406 3233 498 3298 Galli.

254 3338 324 3426 (ll).
338 3337 382 3402 Μ.
399 3335 495 3400 lunio
506 3336 659 3415 Bruto,A.
669 3335 928 3401 ManlioVulsoni
940 3339 1127 3404 consulibus
1139 3341 1272 3408 decretae

210 3464 286 3531 ergo
303 3437 475 3528 provincioe
492 3452 585 3520 sunt,
597 3436 697 3500 Gallia
714 3454 746 3501 et
758 3437 906 3526 Ligures,
925 3439 1046 3504 Manlio
1056 3443 1271 3524 Gallia,Junio

209 3543 342 3630 Ligures
367 3539 523 3627 obtigere.
548 3536 764 3620 Praetoribus,
786 3539 833 3603 Μ.
851 3539 972 3604 Titinio
997 3541 1106 3606 Curvo
1130 3545 1271 3626 urbana,

208 3645 257 3707 Ti.
281 3641 415 3707 Claudio
440 3639 564 3703 Neroni
583 3639 751 3726 peregrina
770 3639 952 3719 jurisdictio
979 3643 1102 3724 evenit,
1124 3644 1159 3708 P.
1184 3645 1272 3710 AElio

208 3744 319 3832 Liguri
345 3742 469 3821 Sicilia,
486 3739 525 3802 T.
543 3738 679 3802 AEbutio
698 3741 782 3803 Caro
801 3739 963 3823 Sardinia,
982 3739 1028 3804 M.
1042 3741 1164 3806 Titinio
1183 3744 1272 3832 (duo

208 3845 294 3907 enim
317 3844 363 3907 M.
380 3840 493 3906 Titinii
511 3855 682 3928 praeturam
704 3840 768 3903 hoc
785 3863 872 3904 anno
897 3841 1086 3929 gesserunt)
1116 3843 1270 3934 Hispania

208 3945 348 4024 citerior,
365 3944 402 4007 T.
422 3942 560 4006 Fonteio
578 3941 729 4030 Capitoni
751 3942 893 4006 ulterior.
911 3941 1104 4005 Incendium
1121 3944 1205 4009 circa
1220 3946 1272 4010 lo·

208 4068 282 4109 rum
300 4059 410 4124 ortum
429 4059 496 4122 est,
521 4065 588 4130 quo
614 4059 646 4105 ct
671 4041 808 4128 plurima
836 4041 950 4105 deusta
969 4059 1062 4122 sunt,
1079 4059 1112 4106 et
1138 4046 1273 4111 Veneris

209 4144 292 4210 oedes
311 4144 379 4219 sine
396 4144 462 4206 ullo
480 4143 615 4233 vestigio
633 4160 779 4208 cremata.
799 4144 902 4208 Vestae
919 4145 1089 4232 penetralis
1108 4146 1192 4236 ignis
1215 4173 1272 4213 ex·

209 4245 468 4332 stinctus.Virgo,
480 4244 573 4323 cujus
586 4245 731 4310 custodia
744 4246 860 4328 luerat,
870 4246 961 4326 jussu
976 4244 1150 4311 M.AE1nilii
1164 4251 1273 4338 ponti·

209 4347 276 4413 licis
294 4343 423 4410 maximi
443 4341 541 4431 llagro
560 4366 655 4423 caesa,
674 4363 707 4409 et
723 4347 973 4434 supplicationes
991 4347 1031 4411 de
1048 4372 1138 4413 more
1154 4350 1272 4416 habitae

244 4530 259 4594 ς
275 4533 294 4577 l.
315 4528 368 4575 liv.
380 4526 518 4591 iulra‚cap.
530 4527 554 4587 5,
567 4527 583 4573 6
595 4535 619 4573 et
634 4542 658 4584 7.
