2722 5040
158 811 229 895 430
579 811 618 874 r.
653 808 793 876 mvn

160 929 390 1009 habitandas,
415 927 542 998 fidiora
563 927 637 997 baec
656 952 788 1023 genera
810 927 999 1001 bominum
1019 930 1098 1004 sore
1117 949 1215 1006 ratus

158 1045 196 1111 in
216 1064 369 1110 romano
385 1036 494 1108 bello.
513 1042 700 1132 Ingentem
715 1062 756 1108 ea
772 1062 831 1109 res
849 1037 1030 1111 fremitum
1049 1057 1125 1114 tota
1138 1049 1216 1116 Ma·

157 1149 310 1221 cedonia
324 1147 408 1219 fecit
419 1174 429 1227 ;
442 1146 762 1243 relinquentesque
776 1165 923 1246 penates
938 1176 1022 1223 suos
1035 1178 1119 1225 cum
1135 1179 1216 1226 con·

154 1258 299 1355 jugibus
311 1282 353 1327 ac
367 1255 488 1326 liberis
504 1257 608 1351 pauci
624 1259 769 1327 tacitum
784 1257 946 1332 dolorem
960 1264 1214 1351 continebant3

155 1370 489 1462 exsecrationesque
506 1367 543 1435 in
561 1366 764 1462 agminibus
780 1368 1088 1466 proficiscentium
1106 1377 1144 1444 in
1160 1399 1216 1446 re·

156 1503 258 1576 gem,
274 1480 440 1547 vincente
454 1474 540 1545 odio
551 1491 710 1562 metum,
724 1478 1021 1551 exaudiebantur.
1040 1485 1103 1554 His
1114 1483 1215 1555 ferox

155 1591 296 1658 animus
312 1611 439 1657 omnes
458 1587 645 1665 homines,
662 1590 784 1657 omnia
803 1588 880 1660 loca
899 1605 1136 1689 temporaque
1153 1617 1212 1664 su·

153 1713 274 1797 specta
283 1697 450 1768 habebat.
461 1701 646 1767 Postremo
656 1721 787 1794 negare
798 1700 983 1796 propalam
990 1704 1212 1799 coepit‚satis

155 1823 275 1878 tutum
289 1807 357 1877 sibi
374 1807 573 1904 quidquam
587 1831 681 1892 esse,
699 1809 768 1878 nisi
787 1808 920 1879 liberos
938 1836 1065 1881 eorum
1076 1808 1104 1896 ³,
1120 1838 1212 1910 quos

154 1918 410 2005 interfecisset,
432 1917 716 2015 comprehensos
738 1920 773 1987 in
797 1919 958 1990 custodia
981 1920 1153 2007 haberet,
1175 1938 1212 1994 et

153 2043 316 2127 tempore
334 2029 441 2099 aliurn
460 2028 531 2099 alio
549 2028 702 2099 tolleret.

197 2143 252 2211 lv.
284 2149 369 2215 Eam
393 2143 662 2225 crudelitatem,
689 2141 823 2211 toedam
848 2166 913 2240 per
939 2169 997 2230 se,
1022 2143 1209 2217 foediorenr

151 2255 257 2323 unius
269 2253 398 2324 domus
408 2252 526 2323 clades
537 2252 630 2323 lecit.
646 2251 881 2338 Herodicum,
893 2254 1092 2352 principem
1107 2257 1211 2326 Thes·

150 2363 322 2447 salorum,
335 2363 457 2434 multis
468 2378 551 2432 ante
565 2365 669 2432 annis
682 2361 880 2449 occiderat;
894 2387 1048 2459 generos
1060 2390 1211 2462 quoque

151 2474 229 2566 ejus
242 2486 367 2568 postea
382 2471 570 2543 interfecit.
590 2478 631 2542 ln
645 2471 818 2542 viduitate
832 2472 963 2543 relictae
978 2473 1076 2560 liliae,
1093 2478 1209 2574 singu·

152 2584 206 2652 los
219 2582 312 2651 filios
326 2607 453 2679 parvos
466 2581 650 2653 babentes.
670 2582 861 2653 Theoxena
877 2596 913 2653 et
928 2583 1047 2654 Archo
1064 2587 1208 2654 nomina

152 2692 361 2762 mulieribus
384 2707 493 2762 erant.
511 2692 725 2778 Theoxena,
752 2692 873 2761 multis
898 2692 1124 2789 petentibus,
1149 2694 1209 2764 ad-

150 2816 317 2899 spernata
325 2804 468 2899 nuptias
480 2817 542 2871 est.
555 2803 672 2871 Archo
682 2801 803 2872 Poridi
818 2801 979 2887 cuidam,
993 2803 1099 2900 longe
1113 2807 1208 2903 prin·

151 2913 221 3008 cipi
245 2913 361 3009 gentis
381 2914 566 2980 AEueatum
579 2922 604 2996 ¹,
626 2911 766 3007 nupsit,
789 2925 846 2995 et,
867 2912 963 3008 apud
986 2912 1208 3010 cumplures

151 3021 250 3090 enisa
268 3035 412 3117 partus,
434 3021 551 3116 parvis
569 3018 765 3089 admodum
784 3020 915 3091 relictis
937 3021 1126 3106 omnibus,
1147 3022 1208 3093 de·

150 3133 265 3201 cessit.
295 3130 510 3213 Theoxena,
531 3144 571 3199 ut
594 3133 630 3199 in
656 3131 729 3199 suis
757 3128 924 3200 manibus
949 3129 1053 3201 liberi
1077 3134 1223 3205 sororis.

149 3240 401 3326 educarentur,
418 3239 537 3309 Poridi
555 3241 703 3336 nupsit,
725 3252 780 3323 et,
799 3253 969 3334 tanquam
987 3264 1114 3311 omnes
1133 3244 1207 3339 ipsa

149 3351 247 3419 enisa
264 3347 380 3435 foret,
403 3373 509 3419 suum
528 3349 732 3444 sororisque
753 3346 846 3417 lilios
861 3351 899 3418 in
914 3350 1036 3420 eadem
1052 3349 1207 3421 habebat

149 3484 233 3528 cura
247 3471 270 3527 ¹.
287 3464 481 3555 Postquam
503 3459 593 3553 regis
613 3459 771 3529 edictum
794 3458 840 3528 de
861 3460 1206 3555 comprehendendis

149 3568 269 3640 liberis
286 3592 427 3651 eorum,
443 3570 506 3664 qui
528 3567 702 3638 interlecti
724 3582 861 3655 essent,
879 3573 1033 3666 accepit;
1049 3570 1205 3641 ludibrio

183 3834 270 3884 telin
293 3833 377 3879 liberos
398 3849 491 3887 eorum,
515 3844 563 3879 etc.
588 3833 653 3880 conl.
699 3835 882 3887 AEnectum,ex
891 3833 1059 3882 emendatione
1068 3835 1151 3898 Sigon.
1160 3852 1206 3900 pro

147 3918 250 3965 Aristot.
268 3911 340 3957 ubet.
358 3927 366 3956 ι
384 3922 445 3957 extr.
459 3924 483 3959 et
500 3913 535 3969 ll,
551 3927 579 3958 ar
591 3927 598 3963 ;
610 3913 655 3957 Po·
699 3913 849 3967 :Batauum
863 3929 918 3959 nam
928 3928 1003 3976 gens,
1017 3914 1062 3960 etsi
1077 3915 1206 3963 Turnebus

147 3995 198 4059 tyb,
221 3990 315 4046 xxiv,
338 3991 368 4047 8,
386 3989 402 4052 S
421 3987 526 4049 ro(ubi
548 3988 655 4036 videatur
700 4002 782 4054 negat,
795 3992 866 4038 etiam
885 3992 972 4038 incolae
984 3992 1071 4056 oppidi
1084 3993 1206 4043 mamurr-

146 4070 282 4135 Scbweigb.
293 4069 316 4131 );
330 4068 449 4114 llerodot.
469 4071 497 4124 l,
515 4070 579 4124 1553
599 4070 654 4114 Pro·
698 4083 724 4116 ut
744 4069 808 4133 apud
829 4072 889 4118 Caes.
905 4071 965 4118 Bell.
983 4073 1035 4121 civ.
1052 4074 1104 4128 ΙΙΙ,
1123 4075 1156 4120 80
1173 4073 1203 4119 al.

146 4152 211 4200 verb.
231 4151 303 4197 Metr-
318 4163 383 4193 niun.
403 4149 443 4193 8⁸.
456 4149 578 4206 -llujus
600 4164 652 4193 sen·
697 4149 770 4196 Cons.
783 4161 837 4196 not.
850 4150 1203 4209 r,eradxxv111,5,n.o.

146 4230 227 4280 tentia·
242 4226 349 4274 meminit
365 4226 436 4271 etiam
450 4224 589 4287 Euripides,
602 4230 652 4272 An·
727 4244 757 4287 .²·
770 4227 842 4272 Filios
862 4227 886 4273 in
908 4228 991 4275 eadem
1010 4227 1203 4279 hadebarerim:

145 4313 223 4359 drom.
236 4325 259 4352 r.
271 4306 332 4351 520:
344 4306 393 4353 liei
404 4301 449 4371 γὰρ
462 4302 532 4353 ἄνοια
541 4304 650 4371 μεγάλη,
696 4305 746 4352 vid.
764 4307 845 4352 Burm.
857 4306 888 4352 ad
901 4309 967 4354 Suet.
980 4308 1040 4356 Cas.
1054 4309 1097 4357 23.
1112 4335 1148 4345 -
1159 4311 1202 4355 lle·

145 4392 221 4441 nerii
247 4371 312 4442 licite
333 4385 435 4451 ἐχθρῶν,
465 4383 514 4443 ἐξὸν
537 4384 651 4444 κτείνειν,
693 4386 731 4447 gis
750 4384 902 4449 (Philippi)
930 4386 1046 4443 edictum,
1069 4399 1115 4435 etc.
1136 4389 1202 4436 conl.

146 4473 194 4519 liei
207 4464 277 4535 otto
289 4463 357 4513 citui
372 4463 508 4529 ἀφελέσθαι.
521 4465 565 4510 En.
695 4480 748 4527 cap.
763 4466 776 4509 3
790 4475 852 4511 extr.
867 4491 901 4500 -
913 4466 1027 4513 LuiIibrio
1036 4465 1137 4531 ficturos
1149 4467 1202 4514 litt-

178 4546 238 4595 Cir.
251 4546 293 4592 lV.
312 4559 333 4591 ι,
359 4546 438 4607 Longe
451 4542 559 4606 principi
573 4542 650 4605 gentis
695 4541 758 4598 dini,
772 4558 856 4590 omnes
867 4545 928 4592 MSS
945 4556 967 4592 ct
983 4546 1201 4613 eddantesigon.
