2722 5040
116 911 138 948 A·
153 910 177 947 C·
192 909 236 947 ιδ).

119 970 237 1021 m,
337 932 430 997 um.
460 932 536 997 xi,
564 932 666 998 cle.
696 931 796 997 xis.
824 933 903 997 xv.
1083 928 1153 1015 453

93 1051 219 1121 «enim
238 1046 376 1121 videri⁵
395 1053 464 1139 vis,
482 1076 557 1121 non
572 1050 682 1136 illud,
697 1048 798 1148 quod
813 1050 973 1121 fatentur
987 1066 1022 1123 et
1038 1053 1154 1149 palam

92 1174 184 1232 sest.
208 1165 255 1231 At
270 1162 325 1231 sui
343 1184 380 1232 se
399 1161 525 1232 tuendi
540 1186 646 1233 causa
659 1161 850 1259 sumpsisse
865 1161 1002 1232 dicunt.
1023 1167 1154 1247 Recte,

93 1296 166 1341 san
194 1295 384 1369 perperam
410 1268 581 1357 fecerint,
605 1273 673 1369 ipsi
698 1272 753 1342 sui
775 1268 857 1342 facti
878 1273 1054 1343 rationem
1072 1271 1156 1342 red-

93 1379 229 1453 «dentz
251 1406 369 1453 meam
391 1407 557 1469 causam,
583 1408 663 1480 quae
688 1382 778 1454 nihil
799 1408 842 1453 eo
862 1381 956 1453 facto
977 1384 1157 1480 contingi·

93 1506 197 1578 «tur,
219 1516 267 1562 ne
286 1493 471 1563 miscueris
492 1519 500 1561 ε
525 1506 587 1563 aut
608 1493 768 1592 explica,
789 1508 912 1563 utrum
938 1508 1084 1591 aperte,
1110 1518 1156 1563 an

94 1600 214 1672 «clam
229 1616 266 1672 te
280 1603 480 1701 aggressuri
496 1602 681 1675 fuerimus.
699 1604 734 1673 Si
751 1617 892 1700 aperte,
911 1628 977 1674 cur
995 1627 1071 1673 non
1084 1627 1156 1672 om-

94 1734 188 1780 snes
214 1709 351 1782 ferrum
375 1710 592 1784 habuimus?
617 1738 682 1784 cur
708 1737 815 1784 nemo
839 1728 969 1810 praeter
992 1739 1072 1795 eos,
1095 1714 1157 1810 qui

96 1835 231 1892 «tuum
256 1823 517 1919 speculatorem
542 1824 757 1922 pulsarunt?
776 1824 811 1893 Si
831 1823 943 1910 clam,
964 1825 1047 1920 quis
1067 1824 1157 1894 ordo

96 1929 265 2002 «consilii
283 1930 374 2003 fuit?
392 1936 565 2005 Convivio
580 1934 719 2020 solutu,
735 1958 849 2031 quum
866 1935 1077 2005 comissator
1091 1957 1158 2030 ego

96 2039 400 2127 «discessissemfi,
424 2059 582 2140 quatuor
600 2043 862 2126 substitissent,
883 2058 924 2114 ut
945 2046 1103 2140 sopitum
1125 2058 1159 2113 te

97 2150 432 2247 aggrederentur?
454 2155 651 2245 Quomodo
670 2152 898 2241 fefellissent,
924 2167 959 2224 et
979 2152 1104 2238 alieni,
1124 2168 1159 2223 et

97 2263 216 2346 «mei,
242 2277 278 2333 et
303 2266 456 2335 maxime
478 2267 653 2364 suspecti,
676 2265 759 2361 quia
783 2263 889 2362 paulo
915 2278 998 2333 ante
1023 2265 1060 2331 in
1083 2263 1160 2333 rixa

97 2368 294 2442 eluerent?
313 2375 500 2470 quomodo
515 2391 656 2462 autem,
673 2374 853 2445 trucidato
869 2388 921 2457 te,
937 2374 1005 2470 ipsi
1023 2375 1166 2448 evasuri,

99 2479 285 2553 «fuerinti
307 2486 473 2573 Quatuor
497 2485 623 2584 gladiis
645 2485 776 2556 domus
800 2501 858 2555 tua
881 2485 961 2582 capi
986 2497 1021 2554 et
1046 2508 1162 2581 expu-

100 2595 230 2689 ngnari
249 2598 392 2692 potuit?

145 2709 224 2776 XV.
248 2708 377 2798 «Quin
397 2721 462 2797 tu,
489 2709 618 2778 omissa
646 2710 712 2777 ista
734 2720 914 2779 nocturna
937 2704 1058 2777 fabula
1071 2716 1096 2788 ¹,
1117 2705 1162 2775 ad

100 2845 115 2878 a
129 2814 184 2902 id,
197 2813 298 2913 quod
312 2817 431 2903 doles,
445 2820 546 2916 quod
560 2818 731 2889 invidiam
746 2819 816 2889 urit
827 2829 853 2899 ²,
867 2817 1077 2888 reverteris?
1092 2821 1165 2887 Cur

98 2950 281 3022 «usquam
301 2929 402 3025 regni
422 2931 473 2999 tui
493 2931 629 3000 mentio
647 2927 706 3015 fit,
732 2931 919 2999 Demetri?
938 2952 1003 2998 cur
1021 2926 1165 3023 dignior
1186 3003 1187 3007 Ἰ

100 3036 241 3132 «patris
263 3034 418 3109 fortunae
444 3065 627 3111 successor
645 3039 863 3136 quibusdam
880 3036 1034 3117 rideris,
1057 3060 1166 3131 quam

101 3146 224 3242 sego?
247 3171 312 3218 cur
334 3171 436 3244 spem
455 3173 591 3231 meam,
613 3174 711 3243 quse,
730 3150 760 3218 si
782 3163 822 3219 tu
842 3171 916 3216 non
935 3170 1051 3231 esses,
1070 3161 1166 3215 certa

137 3395 162 3440 5.
173 3394 228 3440 1100
238 3394 302 3439 enim
311 3394 392 3441 videri
397 3430 405 3451 ,
416 3396 543 3458 probabile
549 3413 611 3450 esse,
655 3406 760 3457 qustuor
772 3392 888 3440 Demetrii
900 3391 1011 3448 sodales,
1020 3391 1063 3438 sed
1073 3408 1128 3439 curn
1138 3409 1167 3440 so

102 3470 154 3529 vis,
169 3488 219 3520 non
237 3472 312 3529 illud,
328 3474 397 3537 quod
405 3474 520 3540 sistentur
534 3488 557 3522 et
566 3494 613 3540 pa·
655 3473 686 3521 sd
702 3474 799 3520 fratrem
814 3473 891 3529 ivere;
908 3472 975 3518 conf.
989 3487 1043 3533 cap.
1059 3488 1081 3530 7.
1096 3474 1167 3518 Forrs·

102 3550 211 3610 lamere,
228 3569 264 3600 sc.
281 3569 324 3601 eos
340 3554 431 3601 ferrum
444 3554 565 3602 habuisse.
581 3559 613 3602 At
655 3553 703 3616 leg.
728 3564 835 3616 quatuor
852 3549 1089 3614 suffecissent(sstis
1109 3552 1168 3598 fuis-

102 3630 139 3678 ssss'
152 3648 179 3679 se
194 3633 281 3680 mendi
292 3649 368 3681 causa
379 3633 505 3697 srsmpsr'sse
518 3633 610 3682 ficunt.
656 3644 710 3681 seut
720 3633 744 3698 ),
754 3632 792 3679 vel
800 3631 972 3693 suscepissent,
985 3630 1022 3677 vel
1034 3630 1168 3678 sssccinxis·

102 3711 138 3757 lts
151 3711 278 3759 emendavi
287 3712 410 3776 vulgstsm
423 3729 523 3774 eumque
537 3713 613 3760 insul·
656 3729 720 3767 sem,
732 3728 766 3759 sc.
781 3712 862 3766 ferro,
874 3711 911 3757 vel
923 3708 1097 3765 submisissem,
1110 3709 1134 3755 h.
1147 3727 1167 3756 e.

103 3789 219 3839 ssmlect.
232 3791 301 3856 quod
301 3792 463 3856 fatentumr
468 3791 557 3856 palam
566 3803 612 3848 est,
656 3791 795 3839 clanculum
817 3789 947 3845 misissem,
974 3797 1001 3836 ut
1025 3789 1103 3846 XLV,
1126 3791 1167 3845 34.

102 3879 127 3915 et
139 3869 178 3917 sui
234 3870 327 3921 dicunt.
341 3872 414 3920 Plurs
431 3884 455 3920 et
467 3871 548 3918 minus
558 3882 614 3936 apte
658 3873 720 3918 Tum
730 3885 788 3916 vero
798 3881 855 3933 pour
865 3869 1056 3932 aggrederentur
1065 3883 1116 3915 non
1126 3869 1170 3916 tol-

103 3950 256 3998 mntsutslii.
272 3952 397 4000 Uedicant
408 3951 522 4016 selquod
531 3950 616 3998 dieunt
658 3949 729 3998 lenda
742 3948 908 4010 interrogandi
925 3958 983 3995 nota
995 3981 1002 4003 ,
1014 3963 1069 4011 quse
1086 3947 1169 4012 displi-

103 4029 169 4089 conj.
181 4031 268 4078 Bauer.
279 4041 304 4078 st
313 4033 407 4089 Gron,
422 4033 493 4082 Crev.
504 4041 529 4078 et
539 4030 614 4077 Drols.
659 4030 732 4078 cebete
744 4028 843 4076 Duksro
863 4039 887 4075 et
905 4027 982 4074 Drsl.
1000 4029 1062 4075 Mox
1078 4027 1172 4074 evasuri

104 4106 206 4157 delenda
214 4110 335 4173 putabant
345 4122 397 4158 tum
407 4111 478 4159 verbs
490 4123 513 4159 ec
521 4112 616 4165 dictent,
653 4108 758 4174 suersmt
769 4107 865 4155 emend.
879 4110 964 4155 Bsuer.

105 4196 157 4234 tum
178 4205 247 4253 seqq.
270 4189 310 4236 sui
324 4189 400 4254 freti.
423 4192 481 4237 Haec
501 4202 526 4237 et
544 4189 617 4237 nohis
696 4192 760 4238 Csr.
774 4189 831 4235 xV.
848 4204 869 4236 ι.
882 4190 934 4235 Ista
943 4197 1060 4233 rrocuuna
1063 4185 1171 4249 sairdas

105 4265 248 4332 displicent,
268 4270 410 4332 adjectisque
430 4281 485 4317 sunt
503 4286 516 4315 e
532 4268 617 4315 codiee
663 4266 757 4315 vidend
767 4284 822 4330 csp.
838 4284 884 4323 ss,
899 4282 922 4313 n.
935 4275 958 4322 4.

106 4345 220 4411 nogant.
696 4364 721 4396 s.
734 4348 808 4409 Quod
815 4347 931 4394 invidiam
945 4347 1008 4400 urin
1019 4344 1074 4391 vide
1089 4342 1120 4388 sd
1132 4345 1172 4396 x,

16 4426 23 4433 “
142 4428 166 4472 ὅ.
185 4428 265 4490 Quum
282 4428 480 4492 comissatorego
498 4425 617 4473 discessis·
665 4442 708 4484 17,
719 4443 744 4474 n.
758 4443 781 4474 1.
792 4425 865 4486 Quod
873 4418 1172 4487 dolet(tilsi),quodin·

107 4519 169 4559 ΝΜ,
185 4506 419 4556 immanissimum.
430 4507 503 4558 eous.
514 4505 546 4553 sd
555 4520 576 4551 c.
592 4520 616 4564 7,
660 4505 725 4553 vidus
736 4504 785 4553 τινὰ
797 4505 807 4569 (
818 4520 852 4553 sc.
866 4515 889 4551 te
900 4503 910 4567 )
920 4501 1040 4550 mlebsut
1056 4495 1133 4544 an.
1147 4506 1172 4541 et

108 4597 133 4631 ¹·
144 4584 506 4648 3.-Quassonubseteusem:
516 4583 616 4632 verbum
663 4584 760 4643 Besso,
772 4598 880 4646 moxque
891 4580 960 4644 regni
971 4590 997 4626 ut
1010 4577 1046 4624 tsi
1054 4573 1093 4622 sel
1102 4574 1127 4621 irs
1139 4590 1174 4620 re·

110 4676 160 4708 non
175 4663 233 4711 setis
248 4665 274 4713 h.
289 4664 307 4713 1.
315 4675 408 4729 aptum.
426 4664 483 4712 Non
493 4661 618 4711 substitere
660 4679 709 4726 gno
719 4663 756 4711 ori
763 4662 841 4710 Gron.
