2722 5040
46 39 1299 355 μ

161 780 210 877 96
572 784 609 853 T.
642 783 804 851 mvn.
1077 764 1201 866 3:333:

160 887 345 1000 equitibus
362 914 527 987 centum,
548 903 658 973 venit.
678 905 733 990 Is,
750 926 866 999 quum
886 925 1053 999 magnam
1067 903 1226 1001 praedam

160 1015 218 1112 agi
239 1035 345 1111 posse
369 1009 516 1083 dixisset
536 1036 581 1083 ex
599 1010 759 1083 hostium
778 1035 886 1108 agro,
906 1011 971 1108 qui
992 1010 1088 1083 circa
1108 1013 1228 1111 Thya·

161 1125 228 1195 tira
243 1137 355 1209 esset,
369 1120 551 1194 hortando
569 1122 730 1220 perpulit
742 1123 899 1210 Livium,
913 1136 955 1193 ut
969 1124 1135 1222 quinque
1147 1125 1226 1197 mil·

159 1234 204 1306 lia
227 1234 380 1306 militum
406 1257 529 1305 secum
553 1235 724 1304 mitteret.
744 1234 843 1305 Missi
863 1235 1047 1330 ingentem
1068 1234 1227 1331 praedam

159 1347 253 1417 intra
275 1370 409 1444 paucos
431 1344 507 1416 dies
529 1358 737 1416 averterunt
749 1341 777 1413 ⁶.

207 1463 270 1528 IX.
293 1461 392 1528 Inter
407 1455 483 1526 haec
499 1455 654 1527 Phocaeae
668 1453 798 1527 seditio
814 1465 929 1540 orta¹,
945 1453 1164 1551 quibusdam
1179 1457 1226 1530 ad
1263 1508 1266 1515 -

162 1565 379 1639 Antiochum
401 1562 642 1637 multitudinis
666 1565 805 1636 animos
830 1564 1074 1637 avocantibus.
1095 1569 1226 1638 Gravia

158 1676 312 1748 hiberna
335 1675 481 1746 navium
509 1687 634 1760 erant3
660 1697 767 1770 grave
791 1671 990 1759 tributum,
1010 1670 1112 1769 quod
1133 1687 1225 1772 togae

157 1788 364 1884 quingentae
391 1786 575 1883 imperatae
602 1797 706 1856 erant
727 1805 810 1854 cum
835 1782 1043 1880 quingentis
1070 1782 1223 1872 tunicis;

155 1899 270 1995 gravis
295 1897 403 1968 etiam
426 1896 550 1993 inopia
576 1892 773 1980 frumenti,
800 1906 950 1991 propter
976 1917 1085 1990 mrem
1115 1917 1224 1964 naves

155 2031 305 2104 quoque
326 2020 363 2076 et
383 2003 591 2102 praesidium
618 2027 809 2076 romanum
832 2005 992 2075 excessit.
1022 2009 1115 2074 Tum
1136 2027 1224 2076 vero

155 2115 307 2188 liberata
318 2129 421 2186 metu
434 2111 542 2186 factio
556 2129 653 2202 erat,
672 2138 753 2210 quac
770 2111 915 2212 plebem
929 2115 967 2184 iu
984 2112 1222 2185 concionibus

154 2226 201 2299 ad
221 2224 442 2298 Antiochum
465 2222 642 2294 trahebat.
667 2229 820 2295 Senatus
839 2237 875 2294 et
893 2225 1084 2321 optimates
1106 2224 1144 2292 in
1161 2248 1222 2294 ro-

155 2361 260 2409 mana
291 2337 461 2408 societate
489 2335 724 2432 perstandum
752 2334 981 2408 censebant:
1010 2336 1224 2411 defectionis

153 2461 321 2519 auctores
339 2444 422 2543 plus
442 2444 540 2543 apud
560 2444 829 2516 multitudinem
847 2445 1050 2518 valuerunt.
1074 2447 1221 2534 Rhodii,

154 2582 229 2654 quo
251 2556 364 2654 magis
384 2569 561 2633 cessatum
579 2556 701 2652 priore
724 2569 845 2626 aestate
863 2570 962 2640 erat,
981 2580 1026 2627 eo
1046 2557 1222 2627 maturius

152 2665 370 2764 aequinoctio
392 2689 506 2736 verno
528 2664 696 2735 eumdem
721 2666 978 2737 Pausistratum
996 2666 1117 2739 classis
1134 2691 1222 2765 prae·

153 2773 286 2847 fectum
316 2798 400 2845 cum
429 2798 492 2845 sex
519 2787 556 2845 et
585 2775 732 2870 triginta
758 2774 909 2846 navibus
936 2777 1121 2848 miserunt.
1144 2783 1220 2849 Iam

150 2887 270 2957 Livius
290 2909 310 2955 a
335 2886 442 2956 Canis
467 2909 548 2956 cum
575 2886 719 2982 triginta
736 2884 888 2957 navibus
909 2901 946 2958 et
964 2902 1102 2984 septem
1124 2912 1215 2985 qua·

151 2996 391 3082 driremibus,
418 3019 508 3092 quas
540 3017 662 3066 secum
693 2998 874 3067 Eumenes
900 3021 963 3068 rex
991 2996 1214 3086 adduxerat,

150 3109 425 3205 Hellespontum
448 3104 615 3204 petebat,
639 3120 680 3177 ut
706 3104 751 3177 ad
778 3107 992 3178 transitum²
1016 3110 1213 3196 exercitus,

150 3244 261 3316 quem
285 3233 381 3289 terra
400 3229 595 3286 venturum
617 3215 855 3313 opinabatur,
876 3231 1111 3316 praepararet,
1133 3242 1214 3315 quae

148 3354 242 3428 opus
269 3342 400 3400 essent.
423 3331 467 3397 In
496 3341 663 3424 portum,
689 3351 799 3423 quem
824 3341 954 3399 vocant
976 3327 1212 3415 Achaeorum,

147 3441 295 3512 classem
315 3439 474 3537 primum
500 3437 666 3509 advertit.
698 3439 788 3510 Inde
816 3439 921 3510 Ilium
950 3438 1127 3526 ascendit,
1158 3465 1213 3511 sa·

146 3550 357 3648 crificioque
392 3551 562 3620 Minervae
593 3547 711 3636 facto,
745 3550 940 3645 legationes
966 3547 1134 3620 finitimas
1166 3550 1213 3621 ab

148 3663 308 3733 Elaeunte
328 3674 365 3730 et
387 3659 560 3730 Dardano
582 3675 617 3731 et
639 3658 813 3746 Rhoeteo,
837 3658 1019 3730 tradentes
1041 3659 1080 3730 in
1101 3658 1212 3732 fidem

180 3870 205 3917 6.
217 3871 342 3933 Ingentem
350 3867 489 3932 proedam...
502 3879 654 3922 averterem
698 3867 829 3930 appulere,
840 3866 890 3914 vid.
908 3867 987 3914 Strab.
1005 3869 1083 3926 XIII,
1099 3884 1125 3933 p.
1146 3869 1197 3930 595
1205 3887 1212 3926 ;

144 3949 276 4003 videadl,
289 3963 354 4008 7,n.
366 3949 391 3996 6.
699 3945 762 3993 Plin.
773 3945 817 4003 IV,
831 3960 861 3992 ra
877 3961 920 3992 seu
930 3947 976 4002 26,
987 3957 1011 3994 et
1020 3948 1053 4002 V,
1068 3946 1100 3994 3ο
1110 3963 1152 3995 seu
1163 3949 1211 4005 33;

180 4029 240 4077 Car.
253 4029 300 4075 IX.
316 4043 338 4074 ι.
352 4029 421 4073 Inter
434 4025 486 4073 ltoec
499 4023 656 4074 Phocaeoese·
701 4024 816 4074 Ciaccon.
825 4024 857 4070 ad
868 4024 927 4070 Mel.
937 4025 964 4080 1,
975 4025 1004 4070 18
1014 4040 1021 4079 ;
1031 4026 1138 4089 Appian.
1152 4027 1209 4090 Syr.

144 4107 204 4155 ditio
216 4123 240 4154 o.
257 4119 303 4155 etc.
313 4107 344 4153 cl.
357 4104 446 4169 Polyb.
457 4106 534 4159 XXI,
548 4110 572 4156 l.
702 4104 734 4149 23
745 4113 769 4150 et
783 4104 798 4151 6
808 4101 936 4162 ,Mithrid
949 4119 978 4162 77
990 4115 1030 4159 ,et
1040 4103 1107 4152 Bello
1115 4105 1169 4154 civ.
1179 4108 1211 4163 V,

180 4203 204 4234 a.
220 4185 262 4232 Ad
273 4184 400 4232 transitum
411 4180 531 4230 exercitio
545 4181 657 4228 consula-
704 4183 750 4241 ¹37
768 4198 819 4244 seq.
839 4209 873 4217 -
892 4180 965 4227 Ilium
978 4183 1101 4240 ascendit,
1114 4185 1211 4251 sacrifi-

144 4266 229 4321 ris,1..
243 4264 440 4329 ScipionIs.-Iu
451 4272 516 4324 port.
529 4275 600 4323 quem
609 4275 654 4306 aro·
700 4261 787 4324 sinque
807 4260 999 4324 Minervoefacto
1007 4279 1017 4317 ,·
1034 4262 1084 4308 rid.
1101 4265 1211 4317 XXXV,

144 4357 203 4392 cam
215 4344 375 4396 Achaeorum,
388 4340 419 4388 ad
433 4339 493 4386 ostia
508 4339 651 4387 Simoentis:
702 4341 733 4395 43
745 4375 752 4398 ‚
765 4357 788 4387 n.
806 4356 827 4386 r.
842 4367 876 4375 -
890 4339 1002 4387 Elaeunte
1007 4377 1016 4399 ,
1029 4342 1088 4389 urbe
1103 4342 1135 4388 ad
1153 4343 1210 4389 Hel-

143 4426 185 4487 qui
193 4425 264 4493 λιμὴν
274 4403 371 4488 Agathe
383 4420 463 4466 dictus
472 4428 508 4466 est
517 4417 548 4464 ab
556 4416 652 4464 Achaeis
696 4418 802 4483 lesponti
811 4419 901 4475 lauces,
911 4434 977 4466 nunc
989 4420 1210 4493 Cutem-Darda·

142 4519 185 4549 aen
198 4502 303 4557 Graecis,
316 4499 358 4562 qui
370 4499 469 4557 Troiam
485 4494 605 4544 obsessuri
622 4512 652 4544 eo
697 4513 729 4543 no
741 4496 801 4545 urbe
812 4495 917 4545 Minoris
932 4496 1059 4562 Phrygias,
1075 4499 1107 4545 ita
1122 4500 1208 4562 appel·
