2722 5040
232 729 280 801 30
655 734 696 800 Τ.
730 734 872 804 mvn
1150 720 1270 821 ἓζὲζὲξζ

232 875 350 924 nesus.
366 854 443 922 Hoc
455 849 604 946 jugum,
618 848 665 922 ab
678 854 835 926 Leucate
852 869 889 926 et
902 858 994 927 mari
1009 855 1055 928 ad
1069 857 1295 932 occidentem

231 987 336 1035 verso
355 959 596 1060 perAEtoliam
614 960 660 1032 ad
673 961 826 1034 alterum
840 989 939 1037 mare
960 967 1093 1038 orienti
1109 968 1293 1064 objectum

231 1070 406 1156 tendens,
431 1094 473 1142 ca
497 1083 638 1167 aspreta
659 1095 844 1170 rupesque
870 1075 1071 1170 interjectas
1097 1075 1227 1159 habet,
1252 1092 1295 1149 ut

230 1207 308 1255 non
324 1179 434 1252 modo
455 1180 634 1253 exercitus
644 1177 672 1267 ⁵,
696 1181 759 1253 sed
776 1207 824 1254 ne
847 1184 1008 1282 expediti
1026 1186 1174 1283 quidem
1191 1184 1294 1260 facile

229 1293 321 1366 ullas
353 1290 398 1363 ad
432 1290 624 1361 transitum
656 1290 763 1364 calles
796 1292 990 1365 inveniant.
1027 1299 1216 1368 Extremos
1248 1294 1294 1368 ad

230 1405 406 1475 orientem
423 1414 568 1472 montes
581 1404 713 1472 OEtam
728 1417 880 1490 vocant,
900 1427 1059 1500 quorum
1080 1405 1181 1502 quod
1200 1404 1294 1478 altis-

228 1515 360 1586 simum
382 1525 457 1601 est,
481 1508 729 1582 Callidromon
752 1508 999 1610 appellatur⁶3
1019 1513 1058 1583 in
1079 1513 1183 1609 cujus
1200 1513 1292 1586 valle

228 1623 274 1697 ad
288 1623 478 1694 Maliacum
491 1621 611 1694 sinum
620 1636 790 1720 vergente
803 1625 873 1694 iter
884 1637 938 1695 est
951 1648 1028 1695 uon
1042 1623 1166 1713 latius,
1181 1647 1292 1722 quam

228 1734 413 1833 sexaginta
429 1755 564 1831 passus.
583 1736 666 1804 Haec
687 1756 760 1804 uua
780 1734 943 1806 militaris
959 1735 1017 1805 via
1037 1748 1111 1823 est,
1134 1760 1207 1833 qua
1220 1749 1292 1806 tra-

228 1845 313 1917 duci
334 1843 536 1932 exercitus,
561 1843 591 1914 si
618 1866 695 1914 non
721 1841 1005 1940 prohibeantur,
1030 1847 1180 1943 possint.
1203 1845 1292 1918 Ideo

226 1953 340 2051 Pylae,
359 1967 396 2025 et
413 1950 460 2023 ab
481 1952 576 2042 aliis,
597 1953 682 2051 quia
702 1951 821 2024 calidas
842 1978 944 2052 aqnae
968 1955 1007 2026 in
1027 1956 1113 2054 ipsis
1128 1954 1292 2029 faucibus
1319 2032 1321 2037 ,

227 2079 330 2152 sunt,
349 2063 599 2161 Thermopylae
617 2061 720 2135 locus
741 2063 963 2161 appellatur,
981 2063 1114 2136 nobilis
1133 2064 1292 2137 Lacedae·

226 2175 434 2247 moniorum
450 2173 621 2247 adversus
634 2179 757 2246 Persas
768 2185 781 2230 ⁷
793 2189 912 2247 morte
925 2177 1037 2274 magis
1050 2175 1291 2267 memorabili,

227 2311 337 2385 quam
354 2308 485 2383 pugna.

274 2400 370 2468 XVI.
392 2394 681 2492 Haudquaquam
701 2398 779 2494 pari
804 2411 881 2468 tum
903 2399 1048 2469 animo¹
1071 2398 1289 2486 Antiochus,

208 2507 321 2577 'intra
338 2518 461 2603 portas
477 2504 549 2576 loci
563 2506 641 2600 ejus
657 2507 781 2577 castris
799 2509 946 2606 positis,
960 2508 1224 2581 munitionibus
1237 2511 1290 2581 in·

191 2636 194 2645 ·
225 2639 336 2714 super
355 2614 486 2686 saltum
504 2613 743 2712 impediebat;
762 2632 816 2706 et,
833 2644 948 2717 quum
967 2618 1104 2718 duplici
1116 2618 1209 2690 vallo
1223 2617 1290 2690 fos·

225 2752 337 2824 saque
359 2738 396 2797 et
415 2750 522 2797 muro
544 2727 670 2814 etiam,
695 2752 847 2824 quares
869 2729 1093 2828 postulabat,
1112 2754 1156 2800 cx
1176 2729 1290 2800 multa

224 2839 329 2937 copia
344 2838 474 2935 passim
485 2837 683 2933 jacentium
695 2837 877 2936 lapidum,
894 2840 1137 2937 permunisset
1150 2840 1288 2924 omnia,

225 2951 310 3022 satis
324 2945 461 3035 fidens,
481 2972 669 3045 nunquam
688 2974 730 3020 ea
742 2951 815 3019 vim
828 2973 1017 3021 romanum
1033 2949 1230 3020 exercitum
1241 2945 1290 3018 la-

223 3075 368 3133 uturum
377 3068 405 3148 ²,
422 3057 557 3130 AEtolos
578 3083 623 3130 ex
641 3074 800 3155 quatuor
818 3059 978 3132 millibus
997 3062 1076 3156 (tot
1089 3061 1188 3133 enim
1208 3084 1290 3131 con·

155 3316 158 3325 .
260 3275 285 3325 5.
298 3277 329 3323 Ut
336 3288 385 3322 non
396 3271 469 3321 modo
481 3287 532 3321 non
545 3272 677 3332 exercitus,
687 3284 734 3322 etc.
781 3274 1289 3338 115Herodoto,V11,219‚a24;Fi-on·

224 3353 418 3413 ridend1,to,
431 3368 457 3400 n.
474 3368 497 3400 x.
778 3356 824 3405 tiu.
841 3357 915 3404 strat.
930 3357 971 3413 11,
990 3371 1018 3413 a,
1037 3371 1062 3403 n.
1079 3356 1119 3404 13.
1132 3355 1251 3404 -Confl
1264 3366 1288 3404 et

259 3435 285 3484 6.
298 3431 463 3482 Callidromon
476 3430 628 3496 appellatur,
641 3441 688 3479 ctc.
701 3433 733 3479 cf.
778 3444 910 3483 nostratem
927 3432 1094 3490 Bartldlemi,
1114 3436 1156 3497 qui
1175 3434 1287 3499 pulcher·

224 3515 355 3579 scriptores
372 3509 465 3559 laudati
480 3526 506 3558 n.
524 3512 596 3559 3.-
610 3512 670 3559 Hoec
684 3527 735 3559 una
778 3514 864 3561 rimm
883 3512 947 3561 banc
965 3513 1073 3560 virorum
1100 3512 1288 3560 fortissimonun

224 3590 336 3643 militaris
344 3589 390 3638 uia
405 3599 442 3636 est
447 3623 455 3647 ,
470 3605 521 3653 qua
533 3587 632 3637 traduci
640 3589 734 3637 exerci-
777 3604 881 3640 mortem
900 3590 983 3638 vivide
1001 3590 1170 3650 adumbravit;
1190 3595 1289 3656 Voyage

223 3686 275 3729 tus,
300 3669 321 3719 εἰ
339 3684 389 3716 nou
412 3666 598 3731 prohibeantur,
621 3667 733 3733 possint,
777 3671 811 3719 du
822 3671 900 3737 jcune
914 3669 1081 3727 Anacharsis,
1102 3671 1288 3729 Introduction,

222 3752 334 3815 adeoque
345 3748 394 3795 lata
407 3762 436 3796 ac
449 3756 537 3807 strata,
550 3762 599 3810 qua
611 3747 734 3797 exercitus
777 3750 880 3799 seconde
884 3749 980 3814 partie,
991 3749 1082 3798 scction
1094 3750 1232 3799 dernisme.
1242 3753 1288 3798 Eu.

222 3833 250 3881 in
267 3826 407 3897 provincias
419 3837 462 3874 aut
475 3826 507 3873 ad
526 3842 591 3873 mare
602 3826 733 3876 ducuntur.
813 3829 954 3878 cinxvt.
968 3829 1167 3894 1.Haudq.pari
1176 3841 1226 3876 eum
1234 3830 1288 3876 ani-

223 3910 296 3963 Conf.
312 3907 404 3967 XLIV,
417 3907 450 3962 43
466 3922 504 3970 pr.
521 3907 621 3954 Hotom.
639 3907 672 3955 ad
681 3909 733 3958 Cic.
778 3907 928 3968 mo,eodem
938 3925 974 3957 sc.
984 3923 1035 3971 quo
1044 3908 1221 3956 Lacedaemonii
1229 3907 1288 3955 olim

223 3994 376 4042 Promona.
391 4002 423 4044 a,
436 3986 537 4052 etinpr.
554 3986 690 4049 bergieriua
702 3987 734 4035 dc
777 3989 872 4037 hostem
897 4003 949 4035 non
976 3987 1112 4051 fagientes,
1138 3987 1180 4035 sed
1199 3998 1289 4053 sponte

223 4072 278 4121 vtis
296 4083 358 4116 rom.
375 4065 498 4131 publicis,
512 4066 562 4124 111,
576 4065 619 4121 ⁵4.
629 4066 733 4114 -Idco
776 4067 851 4116 morti
874 4077 1030 4115 occurrentes
1046 4065 1076 4113 ad
1096 4067 1288 4116 internecionem

224 4151 330 4214 Pyla...
346 4145 486 4211 appellatur
492 4163 503 4203 ,-
517 4142 574 4192 ride
585 4142 617 4191 ad
629 4145 732 4204 XXXI,
776 4162 885 4213 pugnare
905 4156 931 4193 et
950 4145 1049 4194 vincere
1067 4161 1118 4193 non
1135 4145 1288 4196 destiterunt.

224 4248 271 4294 29,
284 4244 310 4276 n.
328 4243 350 4273 1.
776 4229 822 4276 En.
840 4223 980 4272 -tlaltum
999 4222 1162 4289 irnpediebat,·
1181 4226 1245 4273 vido
1257 4227 1288 4274 ud

260 4323 284 4368 7.
299 4303 398 4354 Nobilis.
412 4301 663 4360 Lacedaemoniorum,
678 4303 732 4366 qui·
776 4306 812 4354 lX
822 4340 829 4364 ,
841 4305 921 4364 43,u.
936 4304 963 4350 6.
978 4329 1012 4338 -
1023 4304 1057 4350 Et
1072 4320 1141 4351 usuro
1155 4305 1228 4353 etlam
1242 4304 1287 4351 du·

221 4391 268 4438 bns
280 4382 401 4434 laonidn
418 4393 532 4447 praeerat,
550 4381 662 4431 aduersus
672 4386 732 4431 Per·
775 4384 843 4450 plici.
855 4382 928 4432 cons.
938 4381 1045 4446 Appiau.
1056 4384 1111 4447 Syr.
1125 4385 1165 4431 rs.

225 4486 279 4524 sas,
292 4475 339 4515 etc.
352 4473 459 4511 resnotn
469 4462 508 4510 vel
520 4477 550 4510 ex
563 4463 678 4523 Juetino,
691 4465 730 4519 11,
811 4479 836 4512 a.
850 4464 887 4508 En
906 4470 974 4526 parte
991 4461 1042 4508 aim
1058 4478 1186 4511 mmanum
1199 4460 1286 4524 sacen
