2722 5040
34 39 1280 372 .-

293 462 296 468 .
363 460 374 486 s
1064 475 1067 482 ,

169 779 294 882 llll?
367 801 516 870 uranu
538 803 717 869 xxxrx.
740 804 844 871 cap.
869 806 987 873 xtn.
1137 800 1206 899 395

143 922 294 995 hiberna
305 936 340 993 et
352 922 497 993 citerior
508 924 692 1018 provincia
704 919 840 992 habuit.
859 927 1007 993 Veteres
1020 939 1208 1019 pretores,

142 1039 182 1104 C.
199 1033 417 1129 Calpurnius
432 1032 512 1102 Piso
527 1047 563 1102 et
578 1037 618 1103 L.
635 1033 824 1121 Quintius,
841 1038 991 1103 Romam
1008 1033 1206 1104 redierunt.

142 1144 297 1240 Utrique
311 1167 443 1240 magno
456 1146 600 1212 Patrum
615 1168 791 1214 consensu
806 1144 1010 1241 triumphus
1023 1159 1077 1214 est
1091 1142 1211 1216 decre·

143 1269 210 1324 tus.
240 1254 344 1323 Prior.
366 1256 406 1322 C.
434 1252 653 1350 Calpurnius
683 1253 729 1324 de
758 1255 935 1324 Lusitanis
960 1268 996 1325 et
1020 1253 1211 1326 Celtiberis

142 1363 390 1460 triumphavit.
418 1366 581 1434 Coronas
602 1386 728 1435 aureas
749 1365 832 1434 tulit
855 1367 1039 1462 octoginta
1061 1380 1154 1450 tres,
1174 1378 1211 1436 et

142 1472 336 1545 duodecim
363 1472 473 1542 millia
498 1473 625 1570 pondo
653 1475 801 1570 argenti.
834 1478 971 1545 Paucos
1003 1491 1086 1572 post
1113 1474 1207 1559 dies,

142 1591 182 1654 L.
203 1585 374 1675 Quintius
392 1584 580 1679 Crispinus
596 1608 640 1654 ex
657 1584 782 1655 iisdem
803 1587 983 1657 Lusitanis
1003 1583 1211 1655 Celtiberis·
1294 1641 1297 1653 .

143 1720 216 1791 que
241 1682 498 1792 triumphavit:
525 1692 753 1765 tantumdem
776 1697 854 1765 auri
879 1710 989 1792 atque
1012 1696 1149 1793 argenti
1173 1698 1210 1764 in

143 1831 188 1876 eo
214 1804 399 1902 triumpho
426 1805 674 1876 translatum².
704 1810 902 1892 Censores,
930 1811 979 1876 M.
1008 1808 1154 1877 Porcius
1175 1820 1211 1876 et

143 1922 183 1986 1,.
205 1916 385 2002 Valerius,
409 1930 509 2003 metu
531 1915 642 1984 mixta
663 1917 951 2012 exspectatione,
972 1931 1137 1986 senatum
1158 1915 1212 1986 le-

143 2023 320 2124 gerunt-²⁸:
338 2040 477 2122 septem
496 2039 691 2096 moverunt
709 2020 856 2113 senatu3
874 2049 919 2097 ex
941 2025 1076 2122 quihus
1095 2050 1211 2096 unum

144 2136 319 2232 insignem
346 2150 382 2206 et
408 2133 598 2205 nobilitate
631 2149 668 2206 et
696 2134 922 2222 honoribus,
954 2140 994 2207 L.
1022 2138 1212 2238 Quintium

144 2245 384 2315 Flamininum
403 2244 641 2315 consularem.
659 2250 802 2316 Petrum
818 2248 992 2317 memoria
1007 2248 1212 2317 institutum

144 2354 280 2440 fertur,
299 2370 340 2425 ut
356 2378 524 2426 censores
538 2355 648 2426 motis
662 2369 787 2426 senatu
806 2350 1079 2427 adscriberentl
1095 2367 1212 2425 notas.

143 2467 291 2536 Catonis
314 2479 349 2536 et
374 2465 449 2535 alire
472 2465 620 2562 quidem
645 2465 783 2537 acerbae
806 2468 988 2538 orationes
1011 2480 1154 2538 exstant
1173 2467 1211 2535 in

144 2601 225 2661 eos,
242 2600 335 2672 quos
350 2590 413 2647 aut
428 2577 610 2647 senatorio
624 2576 706 2649 loco
720 2578 852 2665 movit,
871 2592 934 2648 aut
946 2575 1080 2674 quibus
1096 2600 1212 2674 equos

143 2683 301 2755 ademit:
322 2685 428 2783 louge
447 2687 652 2782 gravissima
672 2687 711 2757 in
731 2690 769 2758 Ι.
786 2688 976 2777 Quintium
996 2690 1113 2759 oratio
1135 2701 1212 2773 est,

144 2820 216 2891 qua
231 2797 259 2866 si
273 2811 459 2868 accusator
473 2813 557 2869 ante
572 2813 713 2884 notam,
734 2825 809 2871 non
824 2824 955 2872 censor
968 2813 1052 2898 post
1068 2813 1211 2884 notam,

144 2929 231 2977 usus
244 2919 354 2991 esset,
372 2909 528 2979 retinere
545 2910 735 2999 Quintium
750 2911 786 2980 in
805 2915 930 2982 senatu
948 2934 994 2979 ne
1008 2908 1119 2979 frater
1132 2911 1210 3004 qui·

144 3015 227 3087 dem
242 3023 280 3087 T.
299 3018 489 3107 Quintius,
509 3020 538 3090 si
556 3033 634 3090 tum
652 3044 782 3092 censor
800 3035 892 3092 esset
903 3018 931 3106 ⁵,
950 3020 1134 3117 potuisset.
1151 3023 1225 3110 lug

146 3143 200 3196 ter
223 3143 348 3200 caetera
375 3127 510 3224 objecit
535 3131 587 3215 ei,
611 3131 818 3230 Philippum
846 3138 999 3203 Poenum
1025 3153 1149 3199 carum
1169 3154 1210 3199 ac

180 3367 204 3397 a.
219 3351 327 3398 Coronen
337 3366 427 3397 mareas
435 3351 502 3398 tulit.
509 3386 528 3398 ..
547 3363 653 3399 rantum·
698 3369 754 3401 nem
763 3352 909 3402 Censorium
922 3349 1074 3398 referendum
1084 3365 1150 3408 esse,
1160 3349 1212 3412 qui-

144 3430 198 3477 dem
211 3430 269 3477 auri
279 3431 305 3477 ιἰι
315 3446 343 3477 eo
356 3430 476 3493 trirunplro
485 3431 653 3487 manslammr
697 3433 753 3481 dem
768 3430 904 3490 coujieIunt
916 3445 947 3477 ex
963 3429 1028 3477 Gell.
1045 3431 1089 3485 tv,
1102 3443 1143 3475 ao.
1160 3430 1208 3478 sed

144 3509 384 3567 nunnus,
398 3526 423 3557 ιι.
435 3527 460 3557 a.
473 3510 654 3558 -Duodeeiar
697 3511 763 3560 eonr'.
776 3509 851 3557 DreI.
867 3518 892 3556 et
912 3507 1004 3556 Duker.
1030 3510 1069 3554 cui
1088 3508 1207 3556 sententie

144 3589 220 3638 millia
225 3590 311 3656 pondo
319 3590 429 3654 argenti,
446 3590 472 3637 h.
484 3607 507 3638 e.
522 3591 556 3639 eit
566 3593 654 3648 Creu,
697 3589 722 3637 h.
734 3589 751 3637 l.
763 3588 816 3636 late
830 3603 882 3636 esse
893 3586 1007 3635 videtur:
1017 3586 1073 3651 quit
1088 3597 1139 3634 tum
1148 3604 1208 3636 nou·

143 3686 235 3718 mareu
243 3680 364 3718 nostrates
380 3670 483 3729 18,7So.
494 3671 539 3718 Ilo.
698 3669 756 3718 dum
777 3685 830 3717 moe
849 3679 1005 3717 ereremum
1029 3669 1102 3716 motis
1126 3685 1209 3718 mosee

179 3751 203 3797 3.
216 3753 332 3797 &aarum
345 3750 471 3813 tegmmrr
483 3749 534 3798 vid.
547 3751 653 3807 xxm,
696 3760 810 3797 notarum
828 3749 979 3807 adscribere,
995 3759 1019 3796 et
1037 3748 1064 3795 in
1082 3748 1208 3798 recitando

144 3844 175 3876 aa
187 3863 195 3886 ,
206 3846 232 3879 u.
248 3845 270 3878 ι.
285 3831 422 3892 —Septem
440 3841 566 3876 movemur
581 3844 654 3877 sena·
697 3840 781 3877 senatu
796 3846 811 3876 e
827 3829 879 3876 sole
896 3827 1063 3893 pmtertuoue
1080 3830 1207 3877 nominum

145 3920 185 3965 ιιι,
196 3918 225 3956 ut
233 3925 292 3957 mox
299 3908 424 3956 senatorio
435 3908 489 3956 loeo
498 3909 572 3956 movit
578 3926 588 3966 ‚·
596 3908 653 3956 vide
697 3923 728 3956 eo
736 3911 797 3957 moti
808 3922 859 3956 esee
867 3907 1075 3972 intelussebentur,
1089 3910 1207 3957 Catonem

144 3988 175 4035 sd
184 3991 232 4045 IV,
244 3997 275 4043 at
286 4021 294 4045 ,
306 4002 331 4035 u.
346 3987 370 4036 ⁵.
697 3987 759 4035 uiltil
768 3989 866 4051 quidem
880 4004 912 4035 ex
920 3989 1022 4051 antiquo
1035 4002 1103 4036 more
1115 4001 1206 4037 mutes·

180 4079 203 4124 4.
216 4066 318 4116 Parrum
331 4068 449 4116 memoris
462 4064 654 4131 rusrimtumser·
697 4081 736 4125 ee,
745 4066 878 4130 sed‚qood
887 4082 930 4115 eoe
939 4067 1049 4131 periore
1058 4056 1208 4115 animadve}-

143 4161 195 4205 rur,
205 4146 653 4197 uenmommocismruadscribe·
697 4146 767 4194 sione
787 4146 876 4212 (lignos
890 4147 1026 4208 judlant,
1043 4146 1133 4211 flagitis
1151 4147 1206 4194 illo·

143 4240 197 4275 rene
212 4240 296 4284 notas,
313 4228 380 4291 quod
399 4228 543 4292 plerumque
563 4225 654 4273 dieitur
697 4241 752 4273 mm
765 4227 864 4292 publice
878 4238 936 4277 notu
956 4244 1008 4276 esse
1021 4227 1115 4281 voluit,
1131 4241 1208 4288 eaque

142 4307 298 4364 subscribere,
312 4308 339 4356 lt.
355 4325 377 4356 e.
391 4308 418 4354 in
432 4305 521 4354 tabulis
537 4305 654 4352 oeueoriir
698 4306 793 4355 aoerlris
805 4308 958 4357 oretIouibut
971 4323 1018 4371 pro
1032 4304 1151 4353 concione
1164 4319 1206 4366 pa-

144 4403 227 4436 rrum
243 4388 289 4436 sub
303 4389 403 4437 nomine
416 4387 519 4448 alicujus
535 4384 654 4441 seribere,
698 4385 747 4434 lem
760 4387 854 4436 fecisse.
909 4423 912 4429 -

144 4465 654 4525 eurnonrmeir.c0ns.adxx1v‚ro,
736 4467 763 4515 5.
784 4467 811 4514 Si
831 4478 881 4515 ιιιιιι
902 4480 986 4512 censor
1009 4474 1084 4515 esset,
1110 4461 1207 4519 fuissem

144 4561 169 4592 n.
182 4548 205 4594 ⁵.
222 4546 346 4612 Odghem
360 4548 435 4597 mor-ir
448 4546 522 4607 hujus
535 4544 568 4594 al
582 4544 654 4594 Ceto·
699 4545 755 4594 virle
768 4546 799 4594 ed
810 4548 848 4604 II,
859 4547 904 4603 50,
915 4558 940 4591 u.
955 4557 994 4589 ιο.
