2722 5040
1105 729 1128 765 t.
1141 723 1166 764 C.
1183 729 1227 778 ¹7⁸·

193 748 261 846 598
625 755 663 820 T.
689 753 817 820 LlVll
1107 788 1227 841 u.c.s7a.

189 873 312 969 Magni
327 886 445 943 tamen
462 875 621 945 muneris
637 897 678 944 ea
697 896 837 945 summa
855 871 941 959 suit,
958 886 999 942 ut
1012 887 1078 964 per
1090 870 1254 941 triduum

190 997 347 1080 quatuor
367 998 402 1054 et
421 988 649 1084 septuaginta
669 984 834 1056 homines
853 982 1057 1081 pugnarint.

234 1095 1253 1190 (XXXIII).Finishnjusanniiusignisestuova,eaquernagni

191 1203 348 1265 momenti
361 1203 448 1293 lege,
461 1227 533 1291 quae
549 1225 615 1267 non
630 1204 699 1267 sine
712 1203 821 1290 aliquo
835 1215 926 1264 motu
938 1199 1123 1263 animorum
1136 1197 1254 1285 agitata

191 1303 349 1368 civitatem
379 1308 533 1369 exercuit.
558 1306 720 1369 Hactenus
742 1304 876 1367 feminas
901 1323 969 1364 uon
997 1300 1126 1379 minus,
1154 1318 1253 1385 qnam

191 1405 297 1486 viros,
318 1404 359 1469 ad
375 1405 568 1469 hereditates
587 1404 712 1469 admitti
728 1406 781 1486 jus
798 1405 910 1469 fuerat.
932 1401 1014 1468 Inde
1030 1401 1144 1482 fiebat,
1165 1415 1204 1463 ut
1220 1398 1254 1461 il·

190 1505 453 1570 lustrissimarum
479 1530 562 1596 saepe
589 1508 780 1571 familiarum
809 1504 895 1570 bona
923 1505 955 1567 in
991 1503 1107 1567 alienas
1136 1500 1252 1565 domos

191 1606 512 1690 transfunderentur,
536 1632 653 1698 magno
676 1632 751 1672 cum
777 1606 960 1695 reipublicae
985 1604 1126 1683 damno,
1151 1602 1252 1681 'cujus

192 1709 343 1792 interest,
370 1711 529 1774 clarorum
560 1712 731 1774 nominum
759 1705 932 1772 heredibus
955 1721 1127 1794 suppetere
1160 1723 1253 1790 opes,

191 1811 311 1898 quibus
327 1811 531 1899 splendorem
546 1813 688 1903 generis,
708 1835 792 1876 onus
809 1809 928 1898 alioqui
946 1810 1063 1897 magis,
1080 1828 1177 1894 quam
1200 1803 1254 1867 de·

191 1933 266 1992 cus,
283 1912 380 1975 tutari
401 1928 433 1976 et
454 1935 608 1978 exornare
625 1915 761 2002 possint.
788 1910 914 1976 Deinde
930 1911 1046 1990 etiam,
1063 1930 1167 1996 quum
1183 1928 1253 1970 cre·

191 2014 356 2077 scentibus
370 2014 435 2093 jam
449 2015 574 2104 imperii
590 2016 708 2103 opibus
719 2029 899 2079 crescerent
910 2035 1043 2101 quoque
1053 2012 1252 2099 privatorum

190 2112 323 2195 divitiae,
342 2133 447 2180 metus
465 2134 551 2198 erat,
569 2141 610 2180 ne
622 2117 757 2204 pronior
775 2131 889 2179 natura
906 2115 939 2177 iu
954 2115 1067 2177 luxum
1080 2127 1113 2175 et
1126 2110 1253 2198 elegan-

190 2217 281 2281 tioris
294 2219 402 2284 cultus
416 2220 653 2283 affectationem
668 2219 833 2283 muliebris
852 2217 994 2297 animus,
1013 2231 1126 2278 nactus
1145 2236 1185 2276 ex
1204 2213 1254 2273 af-

191 2317 323 2384 fluentia
332 2344 433 2408 opum
446 2321 629 2409 cupiditatis
638 2323 848 2402 irritamenta,
859 2322 1051 2405 insumptus
1062 2312 1253 2380 immodicos

190 2438 286 2508 atque
302 2423 336 2485 iu
357 2423 515 2487 luxuriam
532 2423 765 2510 prolaberetur,
783 2445 819 2486 ac
834 2419 950 2486 deinde
964 2443 983 2484 a
998 2417 1101 2506 prisca
1119 2417 1253 2478 fortasse

191 2526 357 2589 sanctitate
368 2524 568 2606 descisceret,
581 2548 640 2589 nec
652 2525 760 2587 minor
771 2523 862 2588 fieret
874 2541 1015 2601 morum,
1028 2540 1125 2606 quam
1136 2516 1252 2594 cultus,

193 2625 337 2688 mutatio.
358 2626 415 2688 His
440 2626 654 2690 incommodis
676 2626 803 2689 obviam
829 2626 876 2687 ire
897 2622 1009 2686 statuit
1029 2622 1070 2701 Q.
1088 2617 1253 2681 Voconius

190 2725 286 2805 Saxa,
301 2726 450 2789 tribunus
476 2728 596 2814 plebis,
619 2729 757 2815 tulitque
778 2725 817 2789 ad
835 2724 991 2813 populum
1010 2746 1017 2786 :
1034 2723 1085 2784 Ne
1101 2724 1182 2807 quis,
1200 2720 1256 2804 qui

142 2891 145 2897 ,
186 2840 259 2911 post
273 2827 316 2888 A.
334 2826 542 2907 Postumium,
561 2831 602 2915 ().
621 2829 761 2892 Fulvium
777 2850 913 2891 censores
928 2846 1034 2889 census
1054 2836 1145 2900 esset,
1164 2820 1252 2882 ltere·

190 2926 261 2988 dem
274 2928 446 3015 virgenere,
466 2952 539 2993 neve
558 2930 717 2993 mulierem
721 2928 852 3016 feceret
863 2952 874 2990 .·
892 2951 965 2992 neve
980 2926 1042 2991 ulli
1056 2925 1185 3012 virgini,
1202 2921 1257 2983 vel

192 3028 336 3109 mulieri,
361 3031 443 3092 bona
467 3033 653 3122 cujusquam
681 3030 786 3094 liceret
803 3030 975 3094 hereditate
991 3029 1148 3117 percipere
1170 3022 1254 3086 ultra

191 3144 314 3195 centum
330 3132 432 3194 millia
451 3136 631 3198 sestertium.
650 3132 714 3197 Sed
738 3149 770 3195 et
795 3130 974 3195 (avendum
1001 3151 1132 3217 quoque
1162 3123 1255 3188 duxit

191 3232 367 3314 Voconius,
383 3255 424 3295 ue
440 3234 664 3323 magnitudine
678 3235 857 3322 legatorum
872 3231 1080 3308 hereditates,
1094 3225 1184 3314 quod
1197 3224 1254 3287 fie-

191 3331 245 3394 bat
262 3331 442 3415 iuterdum,
459 3336 717 3400 exhaurirentur.
737 3334 863 3414 Adjecit
885 3335 982 3424 igitur
1004 3328 1183 3418 rogationi,
1204 3327 1255 3388 Ne

192 3567 246 3596 cum
266 3550 427 3596 visceratione
450 3551 609 3613 epuloque...
633 3548 701 3596 dedit
745 3562 783 3605 te,
808 3550 876 3611 quod
902 3563 945 3612 per
968 3547 1076 3595 tridnun
1102 3556 1207 3608 quatuor
1230 3554 1254 3590 et

192 3628 699 3693 nunusgndnvtdardvlu.22,n.1‚
744 3629 896 3692 septuaginta
919 3627 1032 3675 homines
1053 3627 1219 3690 depugnarent
1233 3645 1254 3670 υ.

192 3721 216 3755 et
227 3712 330 3767 xxm,
343 3709 389 3765 30,
403 3726 427 3756 n.
439 3725 464 3771 9.
477 3736 512 3745 --
523 3709 609 3773 Magni
618 3721 699 3755 tamen
743 3709 828 3757 Refert
841 3708 896 3755 scil.
906 3708 1001 3755 Walch.
1019 3724 1074 3754 eam
1090 3722 1208 3754 summam
1222 3704 1255 3752 ad

191 3789 294 3835 muneris
305 3805 336 3836 ea
348 3786 518 3852 summafnlt;
530 3789 604 3836 credo
615 3805 700 3835 corru-
744 3803 871 3836 nnmerum
881 3787 1008 3835 hominum
1017 3788 1060 3850 qui
1070 3787 1254 3851 depugnarent,

191 3877 259 3930 ptum
283 3885 334 3916 esse
355 3885 468 3916 summa:
492 3880 533 3916 aut
553 3884 583 3914 ea
605 3883 699 3915 summe
743 3880 768 3916 et
777 3867 976 3930 conjunctionem
990 3865 1254 3930 ut‚quamcoueilinm

191 3957 228 3993 est
239 3962 265 3993 ea
276 3948 396 4011 impensa,
408 3960 490 3998 tantus
501 3960 624 4013 sumptum
634 3947 699 3996 nuk.
743 3948 878 4010 exprimere
890 3958 986 4011 putarat
997 3947 1101 4006 huben,
1116 3942 1254 4008 explicandi

191 4027 282 4073 etllru.
297 4027 344 4072 Sed
354 4029 386 4074 ita
397 4045 446 4076 vox
461 4040 542 4076 tamen
557 4029 638 4092 inepta
652 4037 698 4075 est.
743 4044 814 4074 causa
832 4027 937 4090 positam
953 4025 1086 4083 existimat,
1105 4023 1187 4071 multis
1202 4021 1254 4069 col·

191 4105 400 4152 Malimrummarn
410 4125 533 4171 exponere
543 4118 700 4171 eaput‚pra2·
744 4106 798 4154 latia
815 4106 877 4152 Livii
893 4105 1019 4169 exemplis.
1035 4103 1110 4167 Quod
1125 4102 1210 4149 attinet
1223 4101 1254 4147 ad

192 4186 306 4251 cipuum,
322 4186 416 4250 populo
433 4189 609 4248 &alimmum
624 4200 647 4235 et
667 4188 699 4234 le·
746 4200 826 4234 tamen
843 4202 889 4250 pro
910 4199 959 4234 rum
974 4203 986 4232 a
1004 4184 1106 4232 librariis
1124 4183 1254 4246 scriptum,

191 4280 246 4326 gere
266 4265 335 4328 qnod
349 4277 498 4328 pergament.
512 4292 544 4301 --
557 4269 614 4330 Legi
631 4267 701 4327 jubet
745 4265 927 4330 hesparticulas
939 4262 1119 4328 compendiaria
1131 4258 1254 4308 scribendi

192 4343 527 4408 Walcb.lhnend.Liv.pap.
540 4347 702 4409 259‚1llagui
746 4349 839 4393 ratione
856 4333 890 4392 t-rn
911 4356 935 4390 et
956 4335 982 4390 ὗε
1002 4345 1092 4391 centies
1110 4340 1254 4405 permutari,

193 4435 242 4469 trem
256 4425 430 4479 retineris,etc.
447 4423 585 4486 explicans:
598 4425 700 4487 “Magni
746 4437 800 4488 post
818 4426 879 4472 alios
898 4435 965 4471 notat
978 4422 1139 4471 llubnltcnins
1151 4420 1180 4467 ad
1190 4419 1253 4466 Vell.

192 4503 297 4552 muneris
311 4503 414 4569 speciem
435 4502 574 4566 praelerebat
589 4504 629 4551 illa
645 4517 699 4551 aetai-
746 4521 798 4568 pag.
815 4507 869 4553 183.
880 4507 925 4552 llo.
