2722 5040
217 924 336 988 rent⁷;
362 918 412 985 Ea
436 908 515 1010 lege
542 912 635 989 male
658 911 818 1002 utendo,
837 913 896 984 alii
918 916 1042 1004 sociis,
1064 916 1124 987 alii
1144 916 1284 1014 populo

216 1050 366 1098 romano
384 1025 552 1121 injuriam
571 1022 760 1104 faciebant.
775 1029 866 1096 Nam
879 1038 934 1111 et,
956 1048 1002 1096 ne
1019 1027 1169 1124 stirpem
1183 1026 1284 1097 domi

216 1136 485 1232 relinquerent,
507 1134 642 1206 liberos
665 1158 750 1205 suos
769 1133 1037 1232 quibusquibus
1057 1138 1228 1208 Romanis
1245 1138 1283 1208 iu
1348 1141 1352 1149 ’

216 1271 296 1318 eam
323 1231 593 1334 conditionem,
622 1261 663 1317 ut
689 1270 800 1317 manu
824 1246 1076 1336 mitterentur,
1102 1249 1284 1346 mancipio

218 1358 353 1430 debant
361 1351 391 1446 ⁸,
416 1357 648 1454 libertinique
673 1358 767 1429 cives
788 1371 928 1444 essent3
947 1370 984 1427 et
999 1355 1135 1454 quihus
1154 1358 1285 1456 stirpes

218 1597 386 1661 migretionem
400 1606 425 1643 et
438 1610 537 1645 uentum
554 1598 620 1646 eires
633 1598 729 1645 romani
771 1612 880 1646 romense
891 1595 1084 1662 imperandum,
1096 1610 1170 1660 quem
1179 1597 1233 1656 jure
1243 1611 1284 1644 ro·

218 1675 273 1727 lieri
284 1676 440 1734 mutuent,
450 1692 522 1742 quom
532 1678 604 1739 jure,
616 1676 685 1742 quod
697 1677 728 1725 iis
771 1693 845 1726 muno
860 1678 891 1726 iis
904 1676 1037 1741 proderent
1047 1675 1080 1724 sd
1092 1676 1245 1725 vuutiouetu
1258 1685 1283 1725 et

219 1773 251 1804 ex
261 1756 381 1805 eeuteutit
390 1758 469 1805 Grou.
480 1756 532 1821 lege
543 1757 626 1806 dutum
637 1757 726 1817 iuerat,
772 1757 955 1806 extentionem
971 1771 1099 1805 munerum
1115 1755 1283 1820 publicorum,

218 1835 274 1883 uti?
286 1835 339 1884 Nee
351 1836 401 1883 olle
416 1836 550 1901 probabilis
567 1852 637 1884 ceusu
655 1852 728 1885 exeo·
771 1837 816 1887 lib.
829 1836 914 1902 11,§'u
925 1872 932 1895 ,
945 1838 977 1887 D.
987 1837 1018 1883 de
1031 1837 1117 1883 Venit.
1130 1846 1154 1883 et
1168 1835 1282 1883 Exoueet.

218 1914 290 1978 giteri
302 1926 400 1978 potest,
417 1932 462 1964 eur
470 1918 575 1963 Romani
588 1916 673 1979 sociis,
686 1918 730 1980 qui
772 1916 846 1964 Mun.
856 1917 897 1964 Sic
908 1932 941 1964 ex
952 1931 1003 1963 sese
1009 1929 1100 1978 parere
1110 1924 1135 1960 et
1143 1912 1244 1978 pignere
1256 1914 1284 1963 li·

217 1994 319 2058 stirpem
337 1995 404 2044 domi
421 2011 473 2044 nou
489 1994 667 2058 relinquerent,
682 1995 729 2045 lto-
773 1995 841 2045 beros
854 1996 941 2046 dium
956 1995 1009 2046 cte.
1028 1994 1061 2042 ed
1075 1993 1132 2040 Dir.
1146 1994 1192 2053 tv,
1208 1994 1239 2050 5.
1260 2004 1284 2041 et

218 2089 303 2123 uorem
318 2074 425 2123 civitatis
438 2089 544 2123 romense
555 2075 672 2139 impertiri
685 2091 729 2126 vo·
773 2075 831 2124 sill.
840 2077 897 2140 lug.
910 2076 955 2124 ⁵·.
965 2073 1165 2124 unendsuoueu
1172 2073 1284 2122 Gronov.

218 2153 317 2202 luerint.
331 2153 395 2201 Nam
411 2153 474 2203 ertio
487 2153 560 2214 liniue
572 2152 648 2216 legis,
660 2155 730 2215 eujus
773 2153 897 2218 improbet
912 2155 985 2202 etism
1000 2152 1099 2213 Douitt.
1114 2151 1284 2214 existitnttque

218 2231 286 2281 solus
303 2232 387 2280 Livius
402 2232 542 2281 mmotietu
558 2234 729 2295 centumvir,
773 2232 850 2296 legem
860 2233 984 2296 exegisse,
996 2241 1025 2278 ut
1036 2245 1063 2280 rs
1077 2246 1133 2278 vere
1146 2229 1238 2278 libem·
1257 2232 1285 2278 iu

218 2310 307 2374 procul
319 2310 397 2362 dubio
409 2311 470 2369 luit,
483 2310 590 2374 ueepud
601 2312 681 2360 eooioe
689 2326 729 2360 to-
773 2311 873 2360 oirittte
893 2327 936 2360 sue
954 2311 1132 2374 relinquerent,
1152 2309 1196 2374 qui
1219 2310 1285 2358 niver

218 2390 287 2438 bolen
302 2391 439 2450 juventutis
457 2391 490 2440 ed
512 2391 577 2441 bellu
601 2391 728 2451 delineret,
774 2389 1284 2460 romeuilierivellent‚qnustirpeeorum

170 2488 173 2493 ·
217 2481 243 2517 et
259 2481 288 2519 ut
305 2469 392 2530 iidem,
406 2471 535 2535 proposito
548 2471 673 2534 puuibue,
686 2472 730 2535 qui
773 2470 800 2518 in
816 2471 894 2534 petris
912 2479 1089 2535 propugeretur
1106 2467 1138 2516 ed
1158 2467 1285 2517 subeunde

218 2548 318 2612 stirpem
327 2549 396 2596 domi
405 2550 581 2612 relinquerent,
587 2552 688 2614 premio
698 2551 730 2598 oi·
773 2550 826 2609 ejus
834 2564 917 2598 onere.
927 2548 1097 2597 veristeten
1108 2563 1176 2611 seqq.
1186 2562 1218 2594 ne
1229 2548 1286 2595 sn'r-

218 2627 380 2682 vitaturum„
388 2628 457 2686 eujus
466 2624 529 2676 miro
535 2645 630 2692 semper
639 2629 730 2678 deside-
768 2644 827 2692 pern
844 2627 912 2676 dorni
922 2629 1086 2692 relinquerent
1096 2626 1187 2690 eoeipit
1200 2626 1231 2675 de
1242 2642 1285 2690 ps·

219 2705 257 2753 rio
267 2704 412 2753 tenebuntur
423 2707 516 2764 latini,
528 2707 561 2754 ed
574 2707 664 2756 liberos
673 2725 730 2772 pro·
774 2706 863 2765 tribus,
878 2707 920 2770 qni
930 2741 938 2766 ,
949 2706 976 2754 iu
989 2707 1087 2754 colonie
1098 2722 1141 2753 sue
1159 2720 1285 2754 remeu-

219 2783 337 2832 ereeudoe
354 2784 525 2833 inniterentur.
543 2784 591 2834 Sed
605 2789 730 2836 Romanos
773 2796 823 2846 tes,
833 2784 926 2832 liberor
936 2784 1053 2833 oneribus
1063 2784 1149 2848 petrin
1160 2784 1285 2832 subtrelte·

219 2874 333 2912 nentrum
354 2863 456 2922 horum,
478 2864 604 2913 eivitetem
622 2867 668 2925 iis,
685 2866 730 2930 qui
773 2864 1039 2923 bunnenseuivtscivi
1048 2863 1285 2928 tommenelpendo

218 2945 318 3007 turpem
333 2942 399 2991 domi
410 2959 464 2992 nou
476 2943 656 3007 relinquerent,
669 2944 729 2993 deu·
772 2943 800 2991 in
813 2944 978 3008 imaginarium
990 2943 1144 3000 servitutem,
1159 2953 1284 2992 eontreote

219 3022 265 3079 do,
281 3033 453 3086 assequuturot
473 3023 559 3081 luisse,
581 3038 654 3072 uerno
678 3039 729 3072 nou
774 3033 854 3071 temer
865 3021 955 3071 fiducia
970 3039 1012 3071 eoe
1035 3021 1238 3082 menumitteudi,
1256 3034 1285 3070 ut

219 3102 294 3151 videt.
305 3102 435 3151 Fuimveru
446 3104 468 3151 ei
480 3103 563 3150 Livius
574 3103 686 3166 eeripsit,
698 3119 730 3150 ne
773 3102 961 3150 menumiesione
974 3101 1039 3150 eires
1052 3117 1114 3150 rom.
1123 3098 1223 3158 fierent,
1233 3118 1285 3150 unu

218 3181 317 3245 stirpem
328 3181 396 3229 dontt'
412 3183 588 3246 relinquerent,
600 3183 677 3231 Grou.
691 3199 729 3231 re·
773 3179 872 3243 quidem
887 3181 1001 3245 ingenui,
1012 3181 1055 3229 sed
1069 3190 1150 3229 nmen
1164 3180 1283 3230 tinniet.

220 3271 259 3309 ete
269 3260 391 3320 judioeeee
404 3261 481 3310 videri
500 3261 581 3311 debet.
594 3261 642 3310 Sed
655 3279 685 3310 ne
703 3263 731 3311 il·
773 3261 805 3307 Et
820 3255 966 3324 itt'quidem
983 3259 1098 3322 iujuriam
1113 3260 1202 3308 lentum
1214 3271 1285 3326 putet

218 3339 263 3388 lud
284 3356 298 3388 e
320 3341 406 3399 Livio,
426 3340 474 3389 uisi
496 3357 552 3388 eum
571 3342 729 3405 repugnantis
774 3339 869 3404 populo
887 3355 967 3397 rom,
985 3341 1028 3404 qui
1047 3351 1150 3388 externo
1168 3341 1285 3404 nnpmue

218 3411 343 3474 eeripeisse
353 3410 613 3476 volumue,profioisei
624 3429 676 3461 nou
684 3429 730 3479 po·
773 3419 809 3466 sie
825 3418 1040 3468 dehonestabitur.
1064 3444 1099 3456 -
1110 3419 1169 3468 Vid.
1186 3418 1284 3469 Wslolr.

219 3491 282 3550 tuit,
295 3503 321 3539 et
338 3506 395 3540 euru
410 3488 496 3557 Sigon.
515 3492 532 3540 Ι.
545 3493 562 3540 l.
574 3509 621 3557 pro
631 3508 663 3540 ne
681 3495 729 3558 leg.
774 3497 876 3546 Emeud.
891 3515 917 3562 p.
932 3513 997 3554 unt,
1010 3497 1052 3544 ubi
1062 3497 1133 3562 plure
1146 3497 1178 3545 de
1189 3498 1285 3546 Grono-

219 3569 270 3634 qui.
282 3573 345 3619 Nem
359 3583 385 3619 et
400 3572 435 3621 its
452 3572 537 3637 quibus
552 3574 624 3639 stirpe
640 3573 731 3622 deesset
774 3576 809 3623 vii
821 3588 846 3625 et
857 3576 950 3625 Dukeri
962 3576 1027 3625 uotis
1036 3585 1060 3623 et
1072 3575 1284 3625 emendationibus

218 3663 285 3700 reete
298 3662 458 3717 opponuntur
470 3652 515 3712 iis,
524 3652 569 3716 qui
577 3653 675 3717 stirpem
685 3652 730 3700 tlo-
774 3655 939 3720 disputentur.
955 3658 1001 3705 Eu.

219 3729 260 3777 nsi'
272 3730 448 3794 relinquerent,
463 3741 488 3778 et
504 3731 576 3779 eiruul
592 3731 681 3794 liquet,
702 3744 731 3780 ut
810 3751 834 3794 7.
847 3737 946 3793 Delas,
961 3747 987 3783 ut
999 3735 1059 3783 cives
1071 3734 1282 3802 romenifierent,

219 3825 279 3857 mox
291 3808 384 3866 dicem,
398 3808 523 3872 quodnsm
539 3810 612 3858 luerit
624 3811 729 3874 primum
773 3815 808 3862 ite
823 3825 918 3874 umen,
931 3817 952 3863 si
965 3817 1049 3865 leliete
1058 3815 1136 3880 petris
1148 3817 1235 3862 Rome
1248 3830 1284 3863 ee·

219 3903 295 3951 genus
304 3888 408 3946 frendit,
416 3888 539 3937 mntendu
545 3889 650 3937 eivitttit
658 3905 730 3940 ceute
773 3893 829 3942 dem
838 3911 867 3942 eo
876 3895 1025 3944 domicilium
1032 3895 1206 3943 oolloeesseut:
1215 3894 1284 3958 quod

202 3966 363 4025 2induetum3
381 3967 462 4030 quod,
485 3967 532 4015 uiui
553 3983 585 4015 ns
604 3967 728 4028 ejiciente,
773 3972 883 4021 iudicent
894 3974 967 4022 verbe
980 3975 1054 4038 legit,
1067 3974 1110 4038 qni
1123 3974 1224 4038 stirpem
1239 3974 1284 4022 elo-
1328 4010 1331 4015 .

219 4046 322 4109 intelligi
338 4062 389 4094 uon
408 4059 498 4112 potest.
517 4048 638 4101 Ceterum
657 4048 730 4098 verbs
774 4052 808 4099 mi
819 4052 997 4118 relinquerent,
1008 4053 1074 4104 Duk.
1088 4053 1182 4108 dubet,
1196 4068 1284 4102 couce-

219 4141 252 4175 eae
261 4140 313 4174 sese
323 4125 457 4175 liberorum
465 4127 640 4193 adoptivorum
649 4129 730 4178 melu·
773 4129 907 4194 deb-nvn
914 4131 987 4180 ubst
993 4134 1107 4197 premio,
1118 4144 1146 4181 ut
1153 4133 1283 4197 premium

219 4205 356 4261 dandorum
367 4222 438 4254 mm
449 4207 476 4255 in
488 4208 542 4272 logo
554 4208 648 4270 sdjeem
656 4221 728 4275 puto.
772 4204 943 4272 παιδοποιΐας·
957 4213 1017 4261 lim.

219 4285 283 4334 Num
299 4285 339 4343 hi,
351 4301 427 4348 quum
441 4301 486 4349 per
503 4302 546 4335 eoo
560 4304 674 4337 numerus
689 4289 729 4350 iu·
809 4290 834 4339 l.
856 4291 955 4340 Liberos
967 4307 1023 4341 suos
1034 4290 1207 4358 quibusquilus
1218 4294 1248 4341 R.
1258 4291 1284 4339 in

219 4364 327 4415 reututis
335 4381 385 4414 uon
394 4376 584 4430 πρίωμαι
592 4368 731 4433 mpiepro·
773 4384 829 4417 unt
841 4369 1020 4427 conditionem,
1040 4381 1069 4418 ut
1085 4369 1284 4418 muntem-

219 4443 286 4494 detse
299 4444 420 4495 deheim
437 4445 559 4511 patribus,
571 4446 615 4512 qni
631 4463 674 4497 eos
685 4448 729 4498 sd·
773 4460 826 4506 ter,
841 4449 963 4514 mesple
973 4449 1081 4508 hunt,
1093 4449 1284 4513 reudeheutper

218 4534 374 4587 optaverunt,
396 4526 428 4575 od
450 4524 597 4576 benefidnnr
623 4528 729 4578 eiviuu·
773 4545 805 4582 es
816 4541 841 4578 et
856 4529 958 4591 librum,
971 4530 1149 4596 meneiprbnnt.
1166 4531 1238 4579 Cotti.
1252 4529 1283 4582 sd
