2722 5040
10 39 1280 388 u

120 744 250 846 titt:
289 766 382 832 mr.
407 766 587 833 xxxix.
613 765 716 835 cnr.
742 767 919 833 xxxix.
947 767 1025 835 xi..
1093 764 1157 861 391

93 887 194 958 dum.
218 885 406 957 Concione
430 885 621 971 advocata,
647 910 762 982 quum
788 887 917 984 egisset
942 889 1090 976 consul,
1118 915 1164 961 ne

94 1013 175 1068 tum
198 996 349 1093 quidem
370 995 416 1066 de
434 994 611 1067 sententia
628 1012 771 1084 motus,
795 998 924 1094 gratias
946 998 1085 1095 populo
1104 1023 1165 1069 ro·

94 1131 208 1179 mano
225 1107 320 1204 egit,
341 1107 445 1203 quod
461 1123 561 1177 tanto
580 1107 719 1194 studio,
739 1115 1033 1206 quotiescumque
1045 1110 1165 1180 declu-

94 1216 226 1289 tando
252 1216 450 1288 voluntatis
470 1233 629 1315 potestas
640 1219 750 1308 facta
775 1234 887 1304 esset,
906 1235 1101 1316 praetorem
1127 1245 1166 1292 se

95 1326 271 1398 uoluunt
282 1327 433 1418 facere,·
453 1352 500 1397 eo
518 1327 589 1397 sibi
603 1329 726 1398 suedia
743 1335 873 1400 civium
890 1353 1038 1400 suorum
1056 1329 1165 1400 desti-

98 1433 222 1508 tuere³
243 1461 318 1507 non
344 1443 381 1507 in
406 1444 530 1508 animo
554 1462 640 1511 esse.
670 1432 752 1510 Haec
774 1464 860 1510 vero
888 1455 959 1510 tam
984 1437 1165 1510 obstinata

97 1571 166 1619 vox
182 1555 323 1619 tautum
338 1550 371 1620 ei
385 1547 546 1621 favorem
559 1549 744 1636 accendit,
762 1564 803 1620 ut
819 1537 917 1621 haud
932 1548 1065 1621 dubius
1080 1574 1167 1647 prae·

97 1673 157 1730 tor
178 1673 295 1744 esset,
320 1661 350 1731 si
377 1659 505 1731 consul
532 1661 693 1758 accipere
725 1684 859 1731 nomen
886 1660 1004 1731 vellet.
1034 1663 1168 1758 Ingens

97 1783 281 1842 certamen
295 1769 471 1856 tribunis,
486 1785 523 1842 et
536 1771 632 1842 inter
646 1796 684 1842 se
697 1772 796 1868 ipsos
808 1775 836 1854 ⁴,
851 1784 984 1842 etcum
998 1770 1168 1854 consule,

97 1879 187 1968 iuit3
208 1879 328 1953 donec
346 1896 493 1952 senatus
510 1905 531 1951 a
549 1880 699 1953 consule
715 1895 769 1952 est
785 1878 946 1967 habitus,
966 1881 1167 1950 decretum·

98 2015 171 2088 que
188 2017 196 2060 τ
215 1997 411 2088 quoniam,
422 1999 594 2090 prcetoris
610 1990 837 2088 subrogandi
846 1986 861 2033 ⁵
882 1994 1026 2060 comitia
1048 2014 1095 2061 ne
1115 1989 1167 2060 le«-

93 2099 365 2197 gibusfierent,
375 2103 582 2199 pertinacia
599 2105 643 2194 Q.
659 2101 784 2172 Flacci
794 2116 952 2198 etpravo
969 2099 1090 2170 studia
1104 2099 1166 2169 lto·
1248 2146 1251 2157 ·

98 2217 239 2282 minum
257 2213 490 2309 impedirent,
509 2229 676 2284 senatum
692 2235 851 2297 censere,
865 2217 953 2281 satis
966 2224 1169 2307 proetorum

98 2345 198 2393 esre:
230 2327 272 2391 P.
292 2323 476 2394 Cornelius
490 2341 683 2421 utromque
697 2329 735 2393 iu
753 2318 871 2393 Urbe⁶
880 2321 1169 2417 juntucttonem
1267 2308 1275 2323 ’

99 2432 268 2519 baberet,
284 2429 518 2531 Apollinique
530 2432 790 2524 ludosfoceret.

127 2602 131 2607 .
148 2547 222 2614 XL.
243 2544 307 2613 His
329 2544 484 2614 comitiis
502 2541 695 2640 prudentia
712 2558 749 2615 et
765 2544 898 2613 virtute
917 2555 1062 2612 senatus
1082 2538 1170 2611 sub-

101 2653 202 2741 latis,
215 2653 291 2724 vulia
311 2653 457 2747 majoris
474 2654 698 2742 certaminis,
722 2679 797 2751 quo
817 2668 858 2724 et
876 2648 1014 2746 majore
1029 2650 1168 2736 de¹re,

101 2775 139 2832 et
166 2763 263 2834 inter
291 2762 413 2858 plures
442 2764 740 2860 potentioresque
769 2763 890 2851 viros,
922 2776 1007 2834 sunt
1034 2775 1168 2832 exorta.

100 2875 300 2942 Censuram
325 2894 464 2943 summa
487 2874 727 2944 contentione
747 2871 920 2970 petebant
946 2875 986 2943 L.
1008 2873 1171 2944 Valerius

101 2980 267 3069 Flaccus,
284 2986 320 3052 P.
334 2996 371 3051 et
384 2985 423 3052 L.
435 2983 642 3080 Scipiones,
657 2985 723 3053 Cn.
736 2982 892 3053 Manlius
905 2982 1035 3067 Vulso,
1051 2984 1089 3049 L.
1106 2987 1171 3051 Fu·

102 3092 178 3163 rius
201 3094 407 3189 Purpureo,
437 3093 595 3189 patricii;
619 3091 755 3190 plebeii
778 3108 921 3179 autem,
952 3096 1001 3162 M.
1023 3091 1171 3160 Porcius

103 3204 212 3287 Cato,
225 3205 275 3272 M.
291 3200 436 3272 Fulvius
449 3200 633 3286 Nobilior,
652 3204 705 3272 Ti.
722 3214 759 3274 et
776 3206 824 3272 M.
843 3202 1064 3299 Sempronii,
1077 3205 1171 3271 Lon·

102 3335 170 3408 gns
195 3323 231 3383 et
255 3307 465 3383 Tuditanus.
496 3310 566 3384 Sed
591 3312 720 3384 omnes
744 3311 913 3409 patricios
936 3309 1171 3408 plebeiosque

104 3418 407 3493 nobilissimarum
433 3420 648 3492 familiarum
668 3424 716 3490 M.
737 3421 905 3492 Porcius²
928 3419 1036 3516 longe
1054 3419 1170 3489 antei-

103 3529 177 3601 bat.
201 3534 244 3602 lu
267 3530 338 3603 hoc
356 3533 433 3602 viro
452 3545 553 3602 tanta
575 3532 627 3602 vis
644 3532 755 3603 animi
773 3530 990 3628 ingeniique,
1002 3527 1090 3612 luit,
1114 3544 1172 3616 nt,

142 3721 261 3769 usum
270 3720 466 3771 civiumsuorum
474 3721 618 3780 descitum
662 3722 750 3770 urbani
762 3733 828 3781 erat5
841 3718 933 3769 Duker.
944 3721 1016 3770 Cori.
1029 3722 1113 3779 XXV,
1128 3736 1157 3770 ra
1171 3756 1179 3781 ,

104 3797 202 3848 vidend
212 3801 237 3861 l,
247 3800 278 3848 51
288 3836 296 3861 ,
305 3818 332 3849 n.
345 3809 370 3858 4.
662 3802 779 3861 mu,
789 3802 839 3860 233
850 3799 932 3849 Noric-
939 3799 972 3849 ad
980 3798 1116 3865 Cemupb.
1124 3801 1174 3849 ris.

141 3880 210 3935 alit
222 3879 287 3928 inter
306 3896 332 3929 se
349 3880 427 3946 ἐμοι,
448 3882 523 3928 immo
543 3879 616 3945 ipsiu
662 3881 726 3930 Diu.
740 3882 778 3942 11,
794 3881 898 3944 afflig.
912 3880 970 3940 137.

105 3959 216 4008 Gronov.
696 3960 756 4010 Car.
769 3959 821 4009 XL.
835 3974 857 4005 r.
870 3960 923 4021 Quo
935 3971 960 4007 ee
974 3957 1069 4022 majore
1087 3958 1117 4006 de
1130 3976 1172 4016 re,

142 4036 167 4086 ⁵.
177 4038 293 4086 Praetoris
302 4038 454 4106 subrogandi
465 4037 548 4104 (forte
553 4055 618 4105 pra·
661 4041 721 4088 Lov.
735 4055 761 4096 1,
775 4039 791 4086 6
797 4072 805 4097 ‚
815 4039 921 4088 etVoes.
934 4054 983 4103 quo
995 4049 1019 4084 ee
1029 4037 1124 4103 majore
1133 4038 1175 4085 de·

106 4116 155 4164 rori
174 4116 460 4183 submgando)comitia
477 4135 508 4167 re
526 4118 617 4185 legibus
661 4128 736 4167 creto.
745 4117 856 4166 Verbum
871 4117 990 4167 subsunt.
1003 4128 1057 4164 erat
1076 4128 1135 4181 post
1149 4132 1175 4163 re

97 4194 205 4259 fierem
222 4196 279 4244 vide
294 4197 325 4245 ad
344 4199 385 4254 11,
403 4198 431 4255 8,
445 4215 470 4246 n.
482 4207 513 4258 i,
527 4208 552 4246 et
566 4199 616 4257 111,
662 4194 800 4257 excidisse,
810 4208 852 4246 aut
863 4195 1028 4262 supplendum
1040 4211 1092 4244 este
1104 4206 1173 4261 puta-

108 4275 140 4322 3⁵
147 4309 155 4332 ,
166 4292 192 4323 n.
206 4293 227 4324 1.
479 4302 482 4308 ·
662 4275 705 4324 bat
715 4276 806 4327 Duker.
821 4277 906 4326 Malim
918 4276 999 4325 delere
1010 4277 1042 4339 τὸ,
1052 4292 1115 4345 quo,
1133 4282 1176 4323 aut

36 4382 41 4389 ·
142 4356 167 4403 6.
195 4358 328 4420 Utramque
347 4356 372 4403 in
392 4356 455 4405 Urbe
468 4356 618 4422 jurisdictio·
663 4356 755 4420 legere:
766 4358 835 4421 quod
842 4369 866 4404 et
878 4356 1010 4422 majore...
1026 4357 1093 4420 ‘uiros
1101 4353 1172 4418 fuit.

107 4434 247 4489 nemuide
267 4433 300 4482 ad
316 4436 411 4492 XXIV,
435 4444 484 4494 44,
504 4453 529 4485 u.
552 4452 618 4483 1.-
664 4446 761 4484 exorta.

111 4514 220 4577 Apollini
232 4512 302 4560 ludos
308 4513 418 4578 faceret,
429 4514 497 4578 quod
509 4515 619 4579 pretoria
700 4530 724 4562 a.
736 4517 772 4564 Μ.
785 4515 884 4563 Porcios
897 4516 958 4562 Cato
966 4550 971 4559 .
980 4545 1000 4561 ..
1018 4515 1046 4557 1η
1059 4509 1104 4556 hoc
1120 4509 1176 4567 uiro
