2722 5040
169 719 293 830 ἵξῃ
423 734 573 803 nlnnn
600 736 700 804 xri.
730 736 835 803 cnr.
865 737 910 801 x.
1141 729 1210 803 555

142 860 219 932 sine
241 856 448 946 lictoribus,
471 883 547 929 uno
571 859 735 929 omnium
760 858 913 927 certiore
938 851 1034 925 facto
1054 854 1213 952 collega,

142 983 250 1043 nocte
263 965 469 1067 profectus»,
487 992 646 1066 praeceps
658 970 696 1038 in
710 967 933 1066 provinciam
947 964 1035 1036 abiit
1050 994 1058 1036 :
1078 964 1143 1036 ubi
1156 967 1213 1036 in·

143 1080 362 1168 consultius,
382 1103 491 1177 quam
506 1094 676 1166 venerat,
695 1104 734 1150 se
752 1078 871 1175 gessit.
890 1080 979 1148 Nam
997 1101 1114 1173 quum
1129 1100 1214 1147 con·

143 1193 247 1263 cione
262 1189 432 1262 advocata
449 1187 570 1286 fugam
592 1215 613 1260 e
634 1191 758 1261 castris
779 1195 818 1260 Α.
835 1188 959 1260 Manlii
975 1187 1131 1259 adversis
1151 1211 1214 1257 au·

142 1300 245 1374 ribus
256 1300 412 1371 militnm
428 1299 587 1398 (quippe
602 1301 666 1396 qui
681 1301 789 1399 primi
799 1301 867 1399 ipsi
881 1297 1215 1398 fugissent)jactas-

144 1428 216 1500 set,
228 1413 505 1510 ingessissetque
517 1410 652 1508 probra
662 1415 711 1482 Μ.
722 1412 849 1500 Iunio,
862 1408 964 1508 quod
976 1433 1014 1480 se
1026 1407 1214 1478 dedecoris

144 1523 282 1593 socium
305 1520 450 1619 collegae
467 1520 630 1608 fecisset,
649 1521 693 1592 ad
712 1536 915 1593 extremum
936 1535 1133 1616 utrumque
1152 1517 1213 1590 de·

147 1632 276 1705 cedere
292 1633 477 1730 provincia
491 1634 605 1728 jussit.
628 1632 737 1724 Quod
751 1656 866 1729 quum
881 1626 1039 1702 milites³
1058 1628 1215 1703 consulis

144 1743 301 1842 imperio
323 1742 421 1815 dicto
441 1743 629 1815 audientes
648 1741 792 1815 futuros
810 1767 887 1814 esse
901 1741 1083 1829 dicerent,
1098 1762 1214 1837 quum

146 1855 176 1924 is
195 1878 296 1925 more
313 1853 512 1948 majorum,
533 1854 735 1926 secundum
756 1868 839 1926 vota
862 1854 900 1923 in
922 1851 1101 1949 Capitolio
1120 1874 1215 1920 nun-

146 1979 296 2062 cupata,
315 1989 403 2035 cum
422 1964 631 2051 lictoribus,
649 1966 842 2064 paludatus
857 1961 1042 2063 profectus
1054 1961 1100 2031 ab
1113 1958 1215 2031 Urbe

147 2090 259 2161 esset3
278 2073 403 2146 furens
426 2076 500 2164 ira,
521 2091 707 2164 vocatum,
729 2077 793 2173 qui
810 2101 878 2174 pro
896 2087 1073 2172 quaestore
1090 2069 1214 2140 Manlii

147 2187 259 2271 erat‘t,
279 2200 421 2256 catenas
442 2188 629 2284 poposcit,
643 2189 785 2259 vinctos
805 2210 843 2257 se
859 2186 1007 2257 lunium
1024 2181 1214 2253 Manlium-

147 2320 220 2392 que
243 2298 413 2367 minitans
432 2301 583 2368 Romam
605 2299 807 2368 missurum.
824 2295 939 2367 Abeo
954 2315 1215 2392 quoquespre-

148 2420 225 2476 tum
244 2405 400 2477 consulis
416 2408 608 2504 imperium
625 2422 700 2493 est;
714 2421 751 2478 et
766 2402 1004 2478 circumfusus
1016 2405 1216 2487 exercitus,

148 2602 204 2649 Cur.
213 2618 267 2666 cap.
280 2603 311 2660 53
321 2604 423 2651 Hotom.
434 2602 466 2650 ed
479 2603 530 2653 Cic.
540 2603 572 2650 (le
583 2606 656 2651 Prov.
700 2603 735 2652 lio
753 2616 777 2651 et
791 2604 885 2652 Innio?
899 2602 1030 2665 Doujatius
1044 2611 1143 2658 monet,
1152 2597 1216 2646 mlli-

148 2681 224 2730 Cons.
236 2694 289 2744 erp.
304 2680 345 2727 15.
357 2682 485 2730 Gronovio
494 2681 658 2730 assentiuntur
701 2695 737 2731 tet
752 2683 860 2732 indlcnre
882 2682 1002 2740 voluisse,
1017 2681 1067 2728 sive
1088 2679 1156 2744 ipsos
1174 2694 1215 2735 ee,

148 2758 215 2806 nuk.
230 2769 255 2807 et
267 2757 341 2807 Drek.
354 2760 397 2821 qui
408 2770 489 2808 tamen
503 2770 600 2817 monet,
610 2761 659 2811 Cu·
700 2761 752 2810 eive
765 2763 840 2811 duces
851 2773 950 2828 peretot
964 2777 1016 2809 esee
1032 2758 1064 2807 ed
1080 2757 1216 2823 parendum

148 2838 237 2899 rittio,
256 2840 287 2897 I,
308 2839 353 2895 26,
372 2838 448 2886 tthui
460 2838 658 2903 paludamentum
702 2844 946 2910 consuli,putetqne
957 2838 1132 2905 congruentius
1150 2852 1216 2895 esse,

148 2905 159 2984 l
170 2917 263 2968 πέπλον
278 2915 438 2975 bertilende
452 2919 514 2975 αὐτὴ
528 2935 598 2968 soror
608 2921 660 2968 Ilo·
703 2924 830 2973 imiliteri
847 2925 919 2972 turbe
938 2922 1038 2971 confuse
1057 2929 1123 2966 ortes
1144 2931 1217 2962 voees

148 2997 204 3065 ‘llll
231 2995 296 3065 μετὰ
320 3002 362 3059 τῆς
390 3001 481 3069 μητρὸς
509 2999 660 3068 dispellere,
705 2994 1216 3062 mtenumneonsultqmmaduclbun

148 3075 662 3145 epudDionys.llelioern.III,p.157),
704 3093 733 3131 ut
751 3084 831 3141 vm,
852 3084 896 3130 52.
916 3103 928 3123 ι
942 3078 990 3127 sed
1018 3092 1070 3124 non
1098 3071 1217 3122 convenit

149 3165 174 3202 et
191 3156 320 3205 lictoribus
340 3176 354 3207 a
373 3160 417 3208 sit
435 3163 472 3220 11,
493 3168 559 3219 420,
575 3161 661 3208 rubens
706 3160 856 3224 exemplum,
871 3169 896 3207 et
915 3156 1043 3215 claudius,
1063 3152 1159 3202 omissis
1175 3151 1218 3199 rni-

149 3235 276 3299 sagulum
285 3236 317 3284 ab
327 3238 459 3303 Appiano,
468 3242 533 3287 Pnn.
543 3255 600 3303 με.
611 3238 644 3286 55
655 3271 663 3294 ‚
706 3238 808 3296 litibus,
822 3239 882 3284 irem
900 3235 1014 3285 adversus
1027 3233 1095 3282 soloe
1113 3246 1217 3297 procon-

149 3315 267 3381 potuttobe
287 3320 402 3380 χιτῶνας.
426 3318 518 3365 ernn
536 3328 612 3372 certe,
630 3315 661 3362 li·
705 3315 770 3364 enlee
780 3318 880 3364 exserit.
890 3316 996 3363 Videtur
1004 3329 1059 3362 cnm
1068 3313 1123 3359 Iac.
1134 3311 1215 3360 Gron.

148 3392 243 3441 bracios
256 3403 294 3440 ter
308 3394 336 3441 ln
354 3395 404 3443 boc
418 3410 474 3460 erp.
490 3411 535 3459 per
548 3393 660 3441 eumdem
703 3393 751 3458 leg.
768 3394 837 3458 quod
845 3411 920 3459 quum
939 3394 976 3443 ut·
991 3409 1017 3442 se
1034 3389 1157 3446 consulis,
1177 3386 1217 3436 rel

149 3471 230 3534 lrpeos
240 3486 292 3521 etse
300 3487 421 3530 errorem
433 3482 458 3518 et
466 3471 590 3535 entiqum
600 3471 659 3520 lect.
704 3473 773 3536 quod
784 3491 858 3538 quum
870 3473 907 3521 illi
917 3486 968 3521 tum
980 3470 1125 3521 contulit...
1141 3483 1217 3532 quum

149 3561 187 3598 ter
195 3550 220 3597 h.
231 3550 250 3597 l.
262 3566 275 3596 ι
284 3553 398 3599 Gronov.
408 3561 433 3599 et
442 3549 517 3598 nuk.
526 3560 659 3610 muttum,
704 3549 737 3608 is,
752 3564 799 3602 etc.
807 3575 820 3594 ι
829 3554 904 3603 Drek.
915 3555 1042 3616 Quumque
1050 3550 1087 3599 illi
1097 3565 1122 3597 se
1131 3562 1217 3595 consu-

149 3628 193 3676 eed
205 3628 249 3678 ins.
263 3630 341 3689 m,
356 3630 389 3693 39
400 3639 518 3679 retentam
530 3628 660 3681 tm-
704 3629 748 3687 lis,
764 3643 811 3681 etc.
823 3634 888 3694 conj.
902 3635 927 3682 J.
941 3636 982 3681 Fr.
993 3633 1105 3681 Gronov.
1116 3627 1163 3678 Sed
1173 3627 1217 3677 ille

151 3707 265 3757 Adversis
283 3709 385 3758 auribru
402 3707 520 3767 militum,
538 3709 563 3756 b.
577 3724 599 3756 e.
616 3708 661 3756 im·
704 3709 953 3774 pmbebilioreznem
965 3702 1117 3776 quod'quum
1128 3708 1218 3756 terreri

150 3785 312 3847 probantibus
323 3787 506 3846 mllitibne,nt,
515 3786 661 3850 quifflquid
706 3800 731 3837 et
742 3806 788 3855 pro
805 3791 885 3857 simpl.
898 3807 973 3856 quum
988 3791 1096 3855 positum
1107 3805 1158 3836 esee
1171 3803 1218 3853 po·

150 3865 275 3926 probent,
294 3868 344 3916 hoc
361 3867 472 3916 secundis
495 3865 596 3914 metus
620 3881 661 3915 eu·
707 3869 837 3935 test(vlde
853 3870 885 3919 td
893 3871 943 3928 v1.
960 3871 989 3929 8,
1001 3886 1027 3919 ιι.
1046 3866 1093 3933 r),
1107 3879 1132 3917 et
1145 3882 1217 3933 pron.

150 3940 224 3992 ‹llisee
239 3946 363 3997 dicuntur.
379 3949 468 4011 Supra,
481 3947 531 4005 v1,
549 3961 603 4010 erp.
615 3951 664 4009 to,
706 3964 733 3997 re
751 3949 840 4014 sepius
860 3950 1034 3999 omittitur,-
1045 3948 1153 3998 comatis
1175 3945 1219 3994 im·

150 4023 215 4070 med.
229 4025 369 4074 redomiti
385 4040 490 4090 semper,
510 4041 567 4089 quoe
585 4025 664 4091 megi·
702 4027 775 4092 perio
799 4027 865 4077 dieto
890 4029 1035 4087 audientes,
1062 4044 1138 4094 germ·
1164 4025 1220 4073 dem

149 4110 241 4150 stram
261 4103 302 4153 ille
325 4104 402 4162 dccet,
422 4103 533 4152 secunde&
546 4105 661 4165 auribus,
708 4107 795 4173 Besell
803 4107 858 4170 aufe
871 4110 941 4159 Wort
951 4109 1089 4176 getarum.
1103 4104 1175 4157 Coul.
1186 4102 1219 4154 ed

150 4194 208 4241 quc
217 4183 251 4230 ab
260 4195 370 4232 nostrum
382 4199 430 4247 quo
442 4183 561 4242 diamur,
578 4185 662 4234 adser-
707 4187 787 4245 vm,
800 4194 865 4248 μη.
880 4205 901 4237 1.
920 4217 955 4229 --
974 4191 1045 4237 More
1053 4187 1172 4250 majorum
1181 4197 1219 4229 se-

150 4254 182 4301 sis
191 4260 334 4324 accipietis?
348 4265 425 4311 Gron.
437 4262 478 4311 bic
487 4263 547 4328 legit
559 4265 661 4324 aversis,
707 4265 813 4314 cundum
828 4266 905 4333 (ride
922 4270 952 4317 ed
969 4272 995 4327 1,
1013 4271 1040 4327 5,
1054 4281 1079 4313 n.
1097 4280 1106 4311 1
1120 4263 1217 4330 )v⁰l⁶›

114 4344 119 4353 “
151 4334 192 4381 sed
202 4338 346 4396 rnnle;vide
358 4342 434 4391 Drak.
445 4344 491 4391 Ilo.
708 4356 754 4395 etc.
768 4347 840 4397 Conl'.
851 4365 914 4397 ιω.

188 4416 212 4463 3.
224 4418 298 4480 Quod
304 4437 381 4496 quum
388 4421 475 4471 milites
486 4425 604 4482 comulas,
615 4435 663 4474 ete.
746 4433 770 4482 t.
785 4427 833 4490 Qui
840 4443 889 4492 pro
899 4436 1018 4490 quastcrt·
1032 4424 1066 4470 Μ.
1081 4432 1134 4469 erat
1145 4419 1217 4477 ,wide

150 4509 194 4547 tut·
205 4514 263 4550 vero
274 4504 425 4567 respondent
434 4504 523 4555 milltes
535 4522 582 4572 pro
593 4507 664 4556 blen-
709 4505 741 4554 ad
754 4507 794 4566 X,
804 4520 851 4568 29,
861 4521 886 4554 n.
897 4521 922 4553 π.
945 4519 948 4525 ’
