2722 5040
170 788 197 888 t.
208 788 233 887 g
244 789 293 899 3313
411 807 563 874 emm
593 808 670 875 xi.
699 809 808 876 cir.
835 809 938 875 xm.
1133 810 1204 898 465

135 928 230 1025 jecta
247 926 363 998 oculis
381 950 422 999 ea
440 925 536 997 haud
555 929 655 1024 parvi
674 927 742 998 sibi
759 932 930 999 momenti
948 929 1068 1004 futrua
1086 934 1129 1005 ad
1147 962 1204 1008 co-

142 1042 350 1137 gitationem
369 1038 506 1106 romani
525 1035 621 1107 beili.
636 1043 890 1109 Percunctatus
904 1040 1058 1136 regionis
1071 1047 1206 1139 peritos

144 1148 188 1221 de
204 1172 356 1221 ascensu
375 1148 505 1232 Remi,
525 1172 639 1243 quum
659 1149 741 1219 satis
762 1149 855 1217 inter
869 1173 994 1221 omnes
1009 1170 1204 1244 constaret,
1223 1210 1226 1217 »

144 1261 234 1331 viam
249 1258 421 1330 exercitui
435 1255 570 1328 nullam
586 1281 681 1344 esse,
701 1259 822 1354 paucis
840 1273 876 1329 et
888 1260 1060 1357 expeditis
1075 1266 1207 1361 perdif-

144 1369 344 1442 ficiliimum
363 1365 498 1437 aditum
510 1362 537 1452 ³,
555 1381 596 1436 ut
613 1391 778 1437 sermone
796 1364 957 1439 familiari
977 1373 1153 1444 minorem
1168 1372 1206 1443 fi·

144 1479 231 1552 lium
244 1474 505 1577 permulceret,
525 1500 633 1572 quem
647 1491 817 1547 statuerat
829 1503 903 1547 non
917 1477 1049 1552 ducere
1064 1506 1207 1566 secum,

144 1591 302 1689 primum
322 1588 447 1684 quaerit
462 1585 507 1657 ab
523 1610 586 1672 eo,
608 1589 731 1678 Quum
747 1603 849 1656 tanta
864 1587 1060 1683 difficultas
1073 1598 1206 1691 itineris

137 1715 377 1800 proponatur,
396 1713 517 1767 unum
528 1696 832 1793 perseverandum
848 1704 896 1768 sit
911 1704 949 1767 in
968 1705 1136 1798 inempta,
1156 1729 1206 1774 an

143 1811 426 1883 abstinendum?
445 1813 486 1878 Si
496 1825 628 1905 pergat
649 1824 770 1878 tamen
797 1815 864 1894 ire,
890 1835 963 1880 non
978 1837 1091 1907 posse
1114 1816 1207 1886 obli-

145 1928 229 1993 risci
239 1947 279 1993 se
296 1927 333 1991 in
348 1918 480 1990 talibus
494 1919 600 1999 rebus
609 1923 794 2015 Antigoni,
805 1924 880 2016 qui,
890 1945 986 1990 sceva
1002 1938 1210 2020 tempestate

135 2035 312 2128 jactatus,
328 2055 442 2128 quum
461 2035 498 2098 in
517 2029 645 2100 eadem
664 2053 755 2099 nave
770 2053 889 2098 secum
908 2055 992 2101 suos
1010 2058 1133 2105 omnes
1148 2037 1211 2106 Iza-

145 2141 294 2226 buisset,
310 2145 529 2237 prcecepzsse
546 2138 666 2210 liberis
683 2140 868 2224 diceretur,
892 2157 932 2210 ut
947 2157 983 2211 et
997 2147 1067 2239 ipsi
1081 2153 1209 2215 memi-

144 2259 296 2338 nissent,
324 2266 361 2320 et
385 2256 439 2319 ita.
450 2254 607 2346 posteris
622 2249 837 2348 proderent,
861 2256 1010 2348 nequis
1035 2278 1116 2323 cum
1134 2270 1209 2326 tata

141 2378 248 2458 gente
265 2359 378 2431 simul
397 2366 435 2429 in
457 2359 565 2430 rebus
590 2360 710 2430 dubiis
726 2359 928 2456 periclitari
949 2362 1107 2434 auderet.
1131 2371 1209 2435 Me·

145 2496 280 2543 morem
306 2494 390 2565 ergo
413 2494 453 2540 se
470 2477 651 2567 praecepti
664 2472 760 2565 ejus,
781 2471 873 2542 duos
894 2472 1005 2542 simul
1008 2473 1114 2570 filios
1136 2500 1209 2547 non
1282 2551 1286 2559 ,

144 2587 418 2653 commissurum
440 2585 477 2648 in
502 2582 622 2649 aleam
645 2582 743 2674 ejus,
769 2587 835 2676 qni
846 2601 1124 2679 proponeretur,
1146 2611 1208 2656 ca·

144 2696 253 2780 tus⁴5
271 2708 324 2777 et,
347 2696 521 2788 quoniam
547 2690 722 2783 majorem
737 2689 867 2786 filium
892 2718 1014 2763 secum
1042 2695 1208 2781 duceret,

146 2810 321 2876 minorem
344 2801 397 2872 ad
417 2800 580 2870 subsidia
597 2805 676 2897 spei
695 2816 731 2869 et
751 2803 951 2872 custodiam
973 2811 1075 2900 regni
1092 2812 1212 2877 remis-

145 2939 270 2985 surum
287 2919 324 2981 in
342 2910 598 2980 Macedoniam
616 2934 700 2980 esse.
725 2912 807 2979 Non
826 2909 970 2982 fallebat
987 2917 1210 2985 Demetrium

146 3022 302 3120 ablegari
322 3045 382 3104 se,
401 3044 445 3089 ne
468 3017 607 3090 adesset
627 3019 795 3107 consilio,
817 3046 931 3117 quum
954 3023 990 3090 in
1016 3040 1211 3121 conspectu

146 3134 309 3207 locorum
340 3130 577 3213 consultaret,
606 3155 678 3226 qua
704 3132 866 3227 proxime
894 3131 1020 3201 itinera
1047 3131 1092 3202 ad
1114 3157 1212 3204 mare
1263 3135 1269 3145 '

149 3365 281 3410 -Istrum
299 3375 412 3408 amnem:
435 3356 510 3406 Druk.
530 3358 654 3412 Histrum,
699 3358 806 3421 suspicio
820 3357 992 3415 soret,Liviue
1005 3370 1088 3422 aperte
1102 3358 1212 3413 indicat.

150 3442 216 3506 quod
228 3441 318 3506 passim
329 3439 445 3487 exhibent
456 3437 572 3501 praecipui
581 3435 656 3483 codd.
700 3436 849 3483 Demetrium
861 3435 892 3483 ad
908 3436 1002 3500 singule
1021 3437 1100 3501 capite
1117 3454 1131 3484 a
1145 3448 1212 3502 patre

148 3520 304 3585 Sedpmem
315 3513 657 3566 hanceeeeseriorisaeviad·
700 3514 827 3577 proposita
844 3514 996 3578 respondisse
1015 3516 1099 3563 eadem
1123 3533 1210 3580 appio

148 3599 319 3663 spirationem,
339 3599 388 3657 iem
412 3596 506 3643 monuit
524 3595 604 3657 Heyn.
626 3592 657 3638 ed
701 3592 794 3648 bando3
809 3593 883 3640 Drek.

147 3677 216 3743 Virg.
228 3680 318 3740 Georg.
332 3680 383 3731 111.
397 3677 455 3723 350.
737 3679 760 3727 t.
777 3671 961 3717 Commissurum
980 3671 1005 3719 in
1027 3673 1108 3720 aleam
1121 3690 1212 3727 casus:

183 3760 207 3807 3.
217 3755 435 3824 Perdrfficiilimum
445 3752 556 3808 aditum,
567 3763 594 3799 ut
601 3767 657 3816 per·
701 3751 756 3798 vide
776 3751 807 3798 ed
823 3751 949 3806 mm,
966 3758 1012 3806 tn,
1026 3767 1051 3799 n.
1071 3768 1111 3801 rr.
1124 3780 1159 3790 -
1170 3755 1214 3801 Ad

146 3837 312 3890 dulcissimus,
334 3832 519 3898 permaximus,
542 3830 658 3893 permini-
700 3829 807 3878 subsidia
828 3829 880 3892 spei
887 3847 896 3882 ,·
919 3829 1023 3892 exponit
1051 3831 1210 3896 Doeringiue:

148 3912 408 3980 mus,perpaueissimi
414 3947 422 3969 ,
429 3909 602 3975 perplurimus.
616 3910 655 3959 Cf.
700 3920 739 3962 ut,
760 3908 779 3955 si
795 3908 856 3955 sorte
871 3908 897 3954 in
911 3908 997 3955 itinere
1012 3907 1055 3957 ilto
1074 3911 1212 3974 periculoso

148 3995 221 4045 Dtek.
231 4007 255 4043 et
270 3993 302 4043 ed
313 3995 383 4051 xm,
399 3993 447 4051 23,
463 4007 487 4036 u.
503 3992 525 4037 3.
538 3992 584 4036 Per
593 3987 658 4057 diffi-
703 4006 757 4036 eum
767 3986 818 4036 filio
830 3989 920 4048 majore
931 3988 1032 4052 periret,
1046 3990 1071 4036 in
1081 4007 1149 4056 spem
1157 3994 1213 4041 etic-

147 4076 262 4124 er'Himum
272 4091 297 4121 α.
310 4072 421 4136 quaedam
433 4071 489 4119 edd.
501 4081 556 4118 ente
569 4080 659 4134 etpost
703 4069 742 4132 pie
757 4068 829 4130 regia
846 4067 1010 4132 propugandis
1028 4082 1129 4119 restaret
1144 4076 1213 4136 quasi

147 4155 246 4203 Aldum.
258 4156 304 4200 Per
312 4149 459 4218 difficillima
468 4166 493 4195 a.
503 4150 568 4209 conj.
579 4151 657 4196 Gron.
703 4147 822 4195 surculus.
837 4147 877 4194 Sic
894 4145 973 4203 filius,
987 4148 1012 4194 in
1028 4163 1078 4210 quo
1091 4151 1145 4198 solo
1158 4169 1214 4218 spes

147 4261 181 4271 -
191 4234 300 4280 Primum
315 4228 404 4294 querit
417 4228 449 4275 ab
468 4244 497 4273 eo
502 4245 511 4283 ;
524 4226 566 4274 secl
584 4243 656 4274 nemo
704 4227 782 4292 gentis
795 4226 959 4291 propaganda
976 4237 1012 4274 est
1028 4230 1108 4291 posite
1118 4266 1125 4287 ,
1135 4230 1212 4278 subsi-

147 4311 296 4376 respondet,
307 4308 373 4356 unde
386 4307 485 4371 quidam
497 4305 658 4368 suspicantur,
702 4305 768 4353 dium
780 4304 887 4371 generis,
905 4316 1008 4352 vocatur
1023 4308 1089 4370 apud
1113 4305 1213 4359 Cicero·

148 4393 266 4440 deiectum
276 4405 327 4436 esse
335 4387 487 4436 orationem:
499 4384 566 4432 Gier.
575 4384 658 4445 Quum
704 4401 758 4432 nem
768 4386 795 4431 in
807 4385 874 4432 Oret.
891 4399 937 4448 pro
949 4383 1045 4432 Clueut.
1060 4401 1112 4448 cap.
1126 4400 1165 4433 11.
1174 4389 1212 4434 Sc.

148 4484 232 4536 postet
248 4468 366 4522 addetur,
387 4464 511 4514 Demetrio
531 4461 660 4508 assentien·
703 4461 834 4510 uebn'dium
858 4462 896 4510 vel
917 4461 1026 4509 subsidia
1044 4463 1158 4511 dicamur
1174 4481 1213 4523 ee,

148 4548 206 4596 dum
228 4547 293 4611 petri
307 4546 393 4603 fuisse,
408 4560 439 4591 ne
461 4541 564 4590 invitum
576 4555 660 4603 perere
704 4538 735 4588 ed
746 4556 801 4602 quae
814 4552 928 4602 uuquam
945 4537 977 4585 ed
991 4539 1155 4614 uitiumque
1171 4557 1215 4591 no·

251 4634 336 4701 VII.
424 4710 438 4727 l
1025 4622 1070 4691 30
