2722 5040
167 759 293 874 ltili?
401 782 547 848 traua
573 782 650 850 xn.
679 782 781 849 car.
810 782 952 848 xxix.
1133 784 1201 880 477

142 904 268 971 Numae
282 899 448 997 Pompilii
465 901 590 971 inesse.
609 905 676 971 Eas
694 925 791 971 arcas
811 925 924 996 quum
943 926 986 971 ex
1007 905 1203 976 amicorum

142 1010 317 1081 sententia
335 1008 503 1079 dominus
520 1013 732 1109 aperuisset,
748 1035 827 1107 quae
846 1011 990 1082 titulum
1005 1013 1135 1111 sepulti
1151 1041 1205 1087 re·

141 1119 193 1215 gis
214 1116 411 1200 habuerat,
431 1119 546 1189 inanis
569 1117 733 1206 inventa,
758 1121 834 1190 sine
861 1119 935 1192 ullo
956 1124 1102 1221 vestigio
1126 1149 1205 1196 cor-

141 1227 240 1324 poris
255 1225 424 1314 humani,
439 1244 501 1299 aut
514 1229 622 1299 ullius
637 1231 703 1313 rei,
721 1254 785 1327 per
798 1227 917 1300 tabem
933 1229 1007 1302 tot³
1024 1257 1201 1307 annorum

116 1335 312 1437 ,omnibus
339 1337 560 1436 absumptis:
588 1341 625 1409 in
655 1339 764 1410 altera
795 1337 869 1409 duo
896 1338 1026 1428 fasces,
1050 1342 1206 1416 candelis

143 1445 312 1534 Involuti,
327 1462 495 1545 septenos
505 1447 664 1519 habuere
677 1447 805 1534 libros,
820 1473 894 1519 non
904 1450 1062 1549 integros
1076 1452 1203 1540 modo,

143 1557 201 1627 sed
220 1558 462 1629 recentissima
480 1559 608 1656 specie.
635 1563 777 1655 Septem
795 1559 911 1628 Latini
930 1558 975 1631 de
989 1559 1069 1654 jure
1085 1565 1203 1659 ponti-

143 1662 225 1738 ficio
255 1682 376 1753 erant3
407 1683 544 1766 septem
572 1669 687 1738 Graeci
717 1666 762 1737 de
790 1666 975 1765 disciplina
1003 1671 1205 1769 sapientiae,

143 1798 222 1871 quae
239 1775 336 1846 illius
354 1779 465 1848 aetatis
480 1801 556 1848 esse
573 1778 701 1875 potuit.
723 1776 853 1872 Adjicit
867 1781 1012 1849 Antiasl
1027 1782 1206 1870 Valerius,

143 1883 397 1982 Pythagoricos
416 1884 544 1975 fuisse,
567 1886 714 1984 vulgatae
733 1886 917 1984 opinioni,
938 1911 1011 1983 qua
1029 1890 1206 1976 creditur,

142 1993 349 2092 Pythagorae
372 1996 580 2068 auditorem
595 1996 702 2068 luisse
720 2001 894 2082 Numam,
914 1997 1102 2071 mendacio
1120 2027 1206 2100 pro·
1311 2041 1314 2047 ·

144 2103 253 2176 babili
270 2107 538 2179 accommodata
555 2105 637 2179 fide.
660 2108 779 2179 Primo
798 2104 844 2177 ab
867 2108 1005 2194 amicis,
1028 2113 1091 2206 qui
1111 2114 1207 2183 inre

144 2218 307 2313 prasenti
326 2215 488 2304 fuerunt,
508 2217 590 2288 libri
609 2217 702 2288 lecti.
722 2221 806 2288 Mox
824 2214 989 2314 pluribus
1007 2218 1209 2314 legentibus

145 2351 259 2423 quum
280 2328 528 2425 vulgarentur,
548 2329 593 2417 Q.
613 2326 771 2399 Petillius
788 2335 919 2424 praetor
936 2325 1114 2417 urbanus,
1132 2346 1206 2402 stu-

145 2436 266 2508 diosus
289 2437 449 2537 legendi,
483 2464 545 2510 eos
571 2436 681 2508 libros
705 2461 726 2508 a
750 2442 789 2507 L.
816 2435 955 2506 Petillio
981 2440 1143 2536 sumpsit.
1164 2443 1210 2509 Et

146 2561 219 2617 erat
251 2544 434 2619 familiaris
464 2572 571 2634 usus,
602 2545 702 2644 quod
731 2544 883 2618 scribam
914 2542 1024 2616 eum⁵
1053 2564 1210 2644 quaestor

146 2657 188 2745 Q.
213 2657 371 2729 Petillius
393 2660 430 2728 in
456 2658 637 2730 decuriam
664 2657 804 2755 legerat.
829 2657 944 2727 Lectis
971 2681 1091 2747 rerum
1112 2684 1211 2731 sum-

146 2767 230 2853 mis,
247 2792 360 2864 quum
377 2769 702 2851 animadvertisset,
717 2769 887 2865 pleraque
906 2767 1209 2843 dissolvendarum

180 3008 204 3054 ³.
214 3008 350 3055 Pertabem
362 3018 398 3054 tot
410 3023 530 3054 annonam
536 3042 544 3064 ,
556 3023 600 3071 per
612 3023 654 3071 pu·
694 3023 742 3071 per
755 3006 830 3053 libros
842 3006 965 3070 impositos
973 3006 1051 3071 [uim
1060 3025 1070 3064 ,·
1078 3020 1212 3073 propterea

146 3085 313 3133 trehctionem
327 3087 468 3135 exedentem
481 3102 583 3150 σοι-ραις
597 3088 654 3134 Em.
699 3085 818 3133 arbitrari
834 3101 934 3133 menon
946 3087 1134 3150 computruisse:
1148 3099 1172 3135 ee
1183 3088 1212 3135 li·

146 3163 219 3213 Conl.
232 3167 278 3225 IV,
291 3166 377 3224 30,n.
390 3173 414 3221 4.
435 3195 470 3203 -
489 3165 655 3215 Proomnibus
700 3165 755 3213 bros
783 3164 949 3226 citratos(rl.
977 3162 1213 3230 cedratos)fia'ese,·

146 3242 197 3294 abr.
211 3247 277 3305 conj.
295 3246 379 3309 Sigon.
393 3246 484 3294 ossibus
502 3246 553 3293 abs.
573 3243 655 3293 collat.
695 3254 828 3307 propterea
843 3241 988 3291 arbitrarier
1000 3243 1078 3291 tineas
1094 3260 1144 3291 nort
1158 3245 1214 3293 teti·

146 3323 211 3374 Plnt.
222 3327 249 3371 in
258 3326 354 3382 Numa,
371 3342 396 3389 p.
408 3334 449 3386 74.
463 3328 508 3374 En.
523 3353 557 3362 —
569 3326 625 3371 Duo
631 3316 660 3387 Ι
698 3321 770 3387 gisae.
782 3322 832 3369 Alii
843 3331 942 3386 putant,
955 3321 1071 3369 candelas
1088 3322 1162 3370 luisse
1177 3324 1213 3372 fe·

145 3402 279 3461 librorum,
296 3404 404 3452 candelis
421 3404 532 3464 involuti,
547 3404 564 3451 i.
583 3420 605 3451 c.
618 3403 656 3449 su·
700 3417 740 3449 ces
755 3415 848 3456 cereas,
864 3417 877 3447 e
896 3399 984 3463 corylo
999 3415 1042 3446 seu
1055 3416 1152 3464 papyro
1166 3401 1212 3449 ita-

146 3482 233 3532 uieulis
251 3485 306 3550 pice
323 3484 362 3532 rel
381 3500 434 3532 cera
453 3483 534 3541 illitis,
547 3492 575 3529 ut
590 3481 656 3546 apud
700 3480 764 3536 lico,
776 3478 802 3526 lt.
815 3495 836 3526 e.
853 3479 953 3542 scirpis,
968 3494 1021 3525 cera
1039 3478 1211 3533 circumdatis.

147 3563 210 3612 illio.
226 3565 353 3621 xxxnl,
373 3579 398 3623 7,
421 3579 464 3612 sen
484 3570 531 3620 to,
549 3561 657 3609 candelis
700 3557 855 3607 rutexcedri
863 3559 940 3605 resina
952 3572 994 3604 seu
1003 3556 1144 3624 palimpissa
1154 3575 1213 3607 con·

146 3642 239 3709 ιηόιᾏςίς
253 3646 330 3692 Gron.
343 3642 457 3691 Candelae
467 3641 565 3705 quidem
575 3639 656 3703 primo
701 3638 787 3693 lectas,
798 3652 852 3700 quae
861 3635 949 3682 cariem
958 3650 986 3682 ac
995 3635 1072 3682 meas
1082 3638 1212 3686 arcuetint.

148 3721 263 3771 videntur
272 3722 360 3780 dictoe,
370 3737 425 3784 quae
435 3737 448 3770 e
462 3719 588 3777 tonitralia,
601 3719 656 3766 etir·
737 3726 760 3773 I.
772 3715 865 3781 Adjicit
873 3714 961 3761 Antias
974 3713 1105 3780 Valerius(
1115 3715 1171 3763 ride
1181 3717 1213 3765 ed

147 3801 185 3865 pis
195 3802 271 3850 aliave
283 3801 380 3849 materia
391 3800 442 3863 igni
453 3798 618 3863 concipiendo
632 3810 656 3846 et
700 3798 747 3853 111,
762 3812 788 3854 1,
798 3811 824 3844 n.
839 3811 848 3840 ι
861 3828 867 3850 ,
878 3795 963 3851 etIII,
977 3794 991 3841 5
998 3827 1005 3852 ,
1014 3809 1039 3840 n.
1051 3808 1075 3855 9.
1085 3793 1110 3856 ),
1123 3795 1213 3858 Pytha-

146 3880 234 3929 elendo
246 3891 316 3946 apta,
328 3890 352 3928 et
367 3879 421 3944 pice
435 3895 519 3927 cerave
532 3876 655 3935 delibuta,
696 3875 793 3940 geticos
805 3874 885 3940 fuisse
902 3882 995 3937 septem
1016 3873 1122 3921 Graecot.
1144 3875 1212 3923 Idem

147 3959 179 4007 nd
195 3976 267 4008 urum
287 3959 402 4006 nocturni
421 3958 519 4006 luminis
542 3956 657 4021 paraban-
700 3954 799 4003 tradunt
814 3952 909 4001 &seius
926 3950 1044 4006 Hemina,
1058 3954 1085 3999 L.
1110 3954 1167 4002 Piso
1189 3967 1214 4005 et

146 4049 200 4088 tur:
218 4039 261 4086 sed
280 4038 368 4086 deinde
387 4040 458 4086 etiem
480 4035 581 4084 funiculi
602 4037 657 4100 pice
701 4033 787 4082 Antias
804 4031 870 4096 apud
886 4030 948 4078 Plio.
957 4029 975 4078 l.
992 4030 1009 4076 l.
1018 4029 1142 4095 librosque
1155 4050 1214 4099 pro-

147 4118 201 4166 illiti
218 4118 249 4165 ad
264 4115 433 4175 vinciendum
447 4115 511 4165 nuk.
529 4113 657 4162 Scnndrelis
700 4123 782 4176 pterea
801 4111 875 4159 luisse
894 4109 1043 4157 combustos.
1054 4137 1090 4147 —
1102 4113 1214 4177 Vulgata

147 4201 211 4259 conj.
223 4197 292 4261 riga.
301 4198 328 4244 in
338 4199 403 4244 Anu.
414 4194 476 4244 ada.
487 4196 586 4258 57²,p.
596 4195 656 4256 3²9·
701 4189 828 4255 opinioni,
857 4206 908 4254 qua
930 4189 1045 4247 creditur,
1067 4190 1214 4256 Pythagorae

147 4276 194 4325 Sed
211 4287 235 4326 et
249 4276 353 4324 Hemina
366 4275 432 4340 apud
443 4274 505 4322 Plin.
520 4274 598 4328 XIII,
612 4272 657 4330 13,
701 4269 853 4325 auditorem,
865 4279 912 4316 etc.
927 4268 1027 4316 vidend
1044 4271 1072 4328 1,
1089 4271 1132 4327 18,
1147 4286 1172 4318 n.
1187 4279 1212 4326 I.

146 4354 337 4419 §a7,lapidem
344 4353 424 4419 ficissc
438 4352 499 4399 dicit
508 4349 656 4415 quadratum
737 4351 761 4397 5.
784 4349 858 4412 Quod
879 4349 982 4397 scribam
1010 4364 1064 4394 eum
1090 4359 1210 4411 quietior,

147 4433 242 4480 circiter
250 4434 275 4479 in
285 4432 366 4479 media
375 4447 436 4478 arca
447 4430 556 4478 coactum
567 4427 656 4474 cande·
699 4445 775 4492 quum
787 4438 893 4491 quaestor
906 4427 1006 4484 fuisset,
1021 4429 1050 4488 Q.
1065 4425 1173 4473 Petillius
1187 4429 1211 4474 in

148 4512 176 4559 lis
192 4528 290 4576 quoquo
304 4526 405 4558 tersus:
418 4510 443 4556 in
456 4525 483 4555 co
497 4505 581 4569 lapide
592 4503 655 4553 insa·
701 4506 823 4554 ἀσκήσω
840 4505 947 4569 legeram
959 4504 1010 4552 vid.
1024 4507 1078 4561 lX,
1089 4504 1137 4561 to,
1148 4520 1174 4553 n.
1187 4508 1213 4558 6.
