2722 5040
150 740 221 808 208
345 750 351 759 ·
557 736 598 804 r.
632 736 770 803 mvn
1062 714 1181 814 3:333:

147 856 230 946 diu,
249 879 364 955 quum
386 854 463 927 dies
484 869 682 952 noctesque
699 854 737 923 in
758 875 869 950 opere
889 865 1029 941 essent,
1049 876 1126 921 non
1148 874 1206 922 so·

146 969 222 1040 lum
237 967 306 1039 sub
319 982 415 1039 terra
428 963 625 1052 fodientes,
637 961 701 1035 sed
716 977 903 1061 egerentes
916 963 1024 1033 etiam
1036 960 1206 1046 humum,

144 1076 303 1150 fefellere
319 1077 474 1148 hostem.
495 1074 670 1147 Cumulus
687 1087 838 1171 repente
855 1088 957 1145 terrae
974 1072 1138 1143 eminens
1155 1071 1207 1140 in·

146 1187 216 1260 dex
232 1188 350 1287 operis
366 1184 556 1282 oppidanis
572 1182 658 1270 fuit;
678 1182 886 1281 pavidique,
900 1205 947 1253 ne
957 1181 1031 1275 jam
1048 1179 1206 1251 subrutis

63 1340 66 1344 ·
145 1301 259 1369 muris
275 1295 367 1368 facta
384 1297 423 1365 iu
441 1293 568 1366 urbem
590 1295 645 1363 via
664 1307 778 1379 esset,
799 1290 929 1363 fossam
947 1291 1043 1361 intra
1061 1311 1205 1359 murum

146 1435 167 1482 e
189 1409 336 1504 regione
359 1406 438 1501 ejus
463 1404 603 1502 operis,
625 1402 726 1500 quod
746 1403 858 1473 vineis
881 1414 1087 1473 contectum
1109 1414 1205 1483 erat,

146 1518 279 1588 ducere
299 1515 504 1586 instituunt.
527 1514 637 1607 Cujus
653 1512 719 1583 ubi
738 1512 784 1583 ad
806 1525 941 1582 tantam
960 1509 1204 1596 altitudinem,

145 1639 290 1722 quantae
308 1647 383 1695 esse
403 1623 520 1694 solum
538 1621 702 1692 infimum
722 1620 881 1693 cuniculi
900 1635 1059 1718 poterat,
1080 1644 1207 1719 perve-

145 1748 301 1818 nerunt,
327 1733 470 1803 silentio
492 1730 609 1815 facto,
635 1730 801 1828 pluribus
823 1731 911 1801 locis
932 1754 1018 1800 aure
1039 1726 1205 1815 admota,

146 1846 305 1914 sonitum
334 1839 549 1912 fodientium
575 1838 767 1938 captabant
777 1842 804 1911 ⁴.
830 1843 949 1929 Quem
973 1836 1035 1909 ubi
1058 1861 1206 1936 accepe-

145 1970 254 2041 runt,
278 1955 447 2051 aperiunt
468 1965 601 2022 rectam
627 1953 665 2020 in
691 1948 899 2022 cuniculum
921 1951 1025 2019 viam.
1045 1953 1122 2019 Nec
1139 1946 1207 2019 fuit

147 2066 268 2161 magni
285 2063 422 2161 operis;
436 2074 623 2131 momento
640 2061 737 2131 enim
754 2060 799 2131 ad
810 2061 934 2146 inane,
949 2082 1123 2157 suspenso
1138 2056 1208 2129 fur·

147 2173 237 2247 culis
260 2171 306 2242 ab
325 2170 491 2242 hostibus
508 2166 653 2256 muru⁵‚
671 2185 924 2267 pervenerunt.
944 2167 1000 2239 Ibi
1014 2171 1211 2240 commissis

148 2282 319 2382 operibus
328 2278 357 2367 ⁶,
382 2305 496 2377 quum
518 2306 538 2351 e
563 2278 656 2351 fossa
680 2282 717 2349 in
741 2279 948 2351 cuniculum
967 2293 1105 2377 pateret
1123 2280 1209 2366 iter,

149 2393 267 2489 primo
284 2391 369 2487 ipsis
392 2388 635 2477 ferramentis,
661 2388 794 2485 quibus
815 2391 853 2459 in
867 2414 988 2488 opere
1008 2391 1063 2460 usi
1087 2404 1209 2477 erant,

148 2501 233 2573 dein
259 2500 423 2571 celeriter
448 2501 572 2570 armati
598 2502 704 2570 etiam
726 2499 921 2570 subeuntes
944 2499 1121 2572 occultam
1143 2497 1209 2571 sub

148 2625 281 2682 terram
308 2607 501 2680 ediderunt
521 2634 676 2707 pugnam
692 2621 717 2679 ⁷.
740 2611 890 2707 Segnior
907 2608 1037 2680 deinde
1056 2633 1097 2680 ea
1118 2606 1210 2679 lacta

147 2734 223 2807 est,
247 2717 566 2816 intersepientibus
590 2717 821 2807 cuniculum,
849 2717 912 2789 ubi
939 2719 1090 2804 vellent,
1112 2740 1209 2789 nunc

181 2981 205 3028 t.
215 2969 653 3035 Aureadmotasoniturnsodiemium
699 2989 739 3022 ναι
751 2971 825 3023 τόπον
843 2970 923 3021 ἱκανὸν
941 2973 981 3020 τοῦ
998 2970 1091 3035 τιίχους
1105 2962 1142 3037 ἐφ’
1154 2968 1210 3019 latti-

146 3052 297 3116 coptabaut,
317 3051 507 3115 aucupabantur.
528 3053 577 3098 Eos
595 3066 656 3114 prae·
700 3069 767 3120 capes
780 3052 808 3101 τὸ
821 3051 892 3119 μέρος
906 3052 947 3100 τοῦ
959 3049 1111 3118 ὀρύγματος,
1122 3049 1209 3113 Polyb.

147 3142 211 3179 terea
225 3129 295 3177 alteri
308 3131 378 3177 fossae
388 3129 458 3177 lateri
469 3145 547 3193 prope
561 3145 656 3176 murum
701 3131 774 3179 Conf.
790 3130 854 3177 idem
867 3132 899 3185 V,
916 3138 947 3186 t,
963 3130 1015 3176 6-8
1036 3128 1045 3192 (
1059 3127 1102 3174 ubi
1119 3144 1208 3193 synon.

145 3208 287 3274 apposuisse
301 3223 356 3255 vasa
374 3223 452 3267 aenea,
463 3207 494 3256 ad
512 3208 655 3256 exteriorem
701 3208 816 3257 dicuntur
823 3203 968 3259 διαστυλοῡν
983 3221 1007 3258 et
1018 3208 1107 3277 κριμᾴι
1119 3207 1149 3259 τὸ
1162 3208 1211 3259 eti.

145 3303 235 3336 sonum
251 3286 404 3344 resonantia,
417 3296 552 3334 memorant
567 3285 655 3349 Polyb.
699 3306 759 3355 χος,
772 3288 797 3336 b.
808 3305 829 3336 e.
842 3287 941 3336 sublicis
955 3288 1048 3335 inferne
1057 3286 1143 3335 fulcire
1151 3303 1208 3334 mu·

148 3377 174 3415 et
184 3365 294 3430 Polyaeu.
304 3365 331 3412 ll.
339 3365 365 3412 ll.
374 3365 465 3412 Similia
475 3365 505 3413 de
512 3365 656 3429 Apollonia·
699 3384 752 3414 rum
766 3368 886 3416 cuniculis
893 3368 1031 3416 subfossuru
1040 3368 1063 3430 );
1071 3366 1207 3431 Schweigh.

88 3471 90 3475 ·
146 3444 213 3493 tibus
229 3455 254 3492 et
269 3444 371 3492 barrels
384 3444 493 3491 referunt
503 3443 599 3491 Vitruv.
613 3445 653 3498 X,
699 3448 756 3495 Iex.
770 3445 857 3510 Polyb.
871 3458 896 3496 et
913 3447 943 3495 ad
959 3447 1065 3512 Appiau.
1082 3446 1143 3494 Bell.
1160 3447 1208 3493 Mi-

145 3539 177 3571 aa
188 3541 195 3584 3
207 3526 293 3571 AEneas
303 3523 407 3571 Poliorc.
418 3539 472 3587 cap.
483 3525 516 3583 37
523 3556 531 3581 ‚
542 3534 566 3569 et
576 3525 656 3570 Hero·
699 3525 772 3573 thrid.
795 3542 848 3590 cap.
871 3527 916 3583 36,
936 3526 983 3587 75,
1005 3526 1050 3582 aa,
1069 3526 1128 3574 Bell.
1153 3526 1207 3574 civ.

146 3602 199 3651 dot.
216 3604 259 3660 tv,
277 3618 336 3650 aoo.
353 3628 388 3638 —
405 3603 487 3664 Quum
506 3602 596 3649 nullam
614 3600 656 3648 hic
699 3620 753 3669 cap.
774 3620 835 3661 rm
848 3608 935 3669 Veget.
950 3605 981 3652 de
993 3608 1029 3652 Re
1042 3605 1096 3652 Mil.
1109 3607 1206 3663 mat.

146 3681 229 3730 Livius
246 3681 393 3728 mentionem
413 3682 484 3729 faciat
502 3681 568 3737 seris,
586 3681 656 3741 cujus
699 3684 805 3731 Fulturis
825 3686 881 3733 cod.
897 3685 1010 3748 Mogunt.
1027 3700 1074 3747 qua
1093 3699 1156 3732 voce
1164 3684 1207 3731 Vi·

146 3762 283 3825 praecipuus
306 3760 332 3806 in
356 3777 383 3807 ea
402 3777 428 3807 re
445 3775 504 3808 usus
523 3760 581 3818 fuit,
601 3760 654 3808 Jac.
699 3773 764 3810 truv.
779 3762 974 3822 X‚aa‚inbac
992 3779 1017 3810 re
1033 3761 1206 3821 utitur;Drak.

147 3841 258 3888 Gronov.
278 3838 408 3902 legendum
424 3839 523 3886 fortasse
535 3854 595 3885 arare
611 3838 656 3885 etri
734 3842 759 3888 6.
774 3841 908 3889 commissis
919 3841 1040 3906 operibus,
1053 3842 1169 3890 cuniculo
1183 3853 1207 3891 et

146 3919 262 3975 dmota,
279 3918 316 3965 vel
334 3917 476 3981 aimpliciter
487 3933 536 3964 aere
553 3917 654 3965 αάιιιοιο
699 3919 761 3967 fossa
771 3921 909 3982 conjunctis
918 3921 994 3985 (conl.
1003 3920 1033 3967 ad
1045 3935 1100 3983 cap.
1112 3929 1138 3977 4,
1146 3936 1172 3968 ιι.
1183 3920 1207 3978 3,

146 3999 290 4060 auspicatur.
304 3994 352 4043 Sed
361 3995 409 4043 hoo
418 4029 426 4054 ‚
436 4007 465 4043 ut
478 3996 530 4060 ipse
540 3995 654 4054 adnotat,
699 4009 722 4046 et
735 3999 809 4047 Drak.
824 3999 855 4049 ad
864 3999 890 4046 b.
898 3999 915 4047 l.
925 3997 948 4062 )‚
957 3999 996 4045 via
1006 4015 1037 4046 ex
1047 3998 1093 4047 hac
1103 4001 1130 4046 in
1138 3999 1206 4046 illurn

145 4075 243 4123 brevius
250 4075 318 4135 justo
328 4085 390 4121 esset
398 4109 406 4132 ‚
415 4090 460 4121 nec
469 4074 500 4121 ad
510 4090 590 4122 veram
602 4075 654 4139 ple·
697 4089 803 4142 patente,
813 4100 825 4120 a
836 4077 970 4126 commissi}
977 4077 1071 4137 junctis
1081 4091 1113 4125 ex
1121 4077 1207 4125 adver·

145 4169 249 4218 namque
269 4152 450 4217 intelligentiam
464 4151 592 4201 sufficeret.
607 4155 652 4204 Eu.
698 4174 740 4214 so,
757 4169 782 4205 et
791 4157 1104 4220 intersecongrueutibue‚
1115 4156 1151 4203 da
1167 4156 1207 4204 dle

183 4233 207 4279 5.
219 4233 336 4295 Suspenso
338 4230 445 4296 seruitiis
458 4231 524 4296 (vide
534 4231 654 4293 ad1,35‚
698 4237 781 4285 dimam
800 4252 937 4287 zusammen
954 4236 1051 4302 trafen,
1073 4236 1206 4302 giam-,-

146 4328 170 4361 u.
184 4311 212 4375 6)
226 4312 259 4358 ab
272 4310 378 4358 fortibus
393 4327 475 4367 muro,
487 4305 532 4362 διὰ
550 4313 577 4364 τὸ
598 4312 653 4373 τοὺς
698 4317 783 4365 bauer.

146 4380 273 4461 l’upofou:⁴
293 4389 328 4459 μὴ
348 4391 418 4460 μόνον
434 4391 532 4459 ἀφῖχθαι
551 4393 609 4462 πρὸς
626 4394 653 4445 τὸ
733 4373 757 4456 ἦ.
770 4396 819 4442 Sub
833 4406 923 4442 terram
934 4393 1062 4442 ediderunt
1075 4410 1204 4459 purgatam,

145 4472 225 4537 τεῖχος
234 4471 282 4523 ὑπὸ
292 4473 352 4538 γῆς,
364 4470 427 4522 ἀλλὰ
435 4469 479 4522 καὶ
492 4466 652 4525 dtas-tutund-
697 4474 738 4521 alii
748 4486 822 4522 terra.
834 4474 906 4521 Cous.
920 4473 951 4520 ad
965 4476 1018 4530 111,
1031 4475 1079 4532 all,
1093 4490 1119 4523 n.
1134 4489 1159 4533 7.
1171 4499 1205 4510 -
