2722 5040
190 761 194 770 '
226 746 294 830 '¹‘2
386 752 479 818 LIB.
507 751 583 818 XL.
611 752 718 818 CAP.
744 750 837 817 LVI.
863 749 977 815 LVII.
1135 743 1203 818 523

142 898 240 944 mors
254 873 358 969 regis.
373 870 534 943 Medicus
546 869 755 968 Calligenes,
770 868 833 966 qui
851 867 1027 938 curationi
1040 882 1205 964 praeerat,

143 1009 217 1053 non
244 995 446 1078 exspectata
471 993 589 1051 morte
614 983 726 1078 regis,
754 1005 774 1051 a
799 978 924 1077 primis
946 976 1204 1074 desperationis

142 1088 261 1162 ηοῑίε6
277 1092 423 1162 nuntios
439 1088 722 1188 praedispositos,
736 1092 785 1161 ita
802 1103 843 1159 ut
861 1078 1096 1175 convenerat,
1108 1087 1205 1157 misit

141 1200 186 1272 ad
199 1205 383 1286 Perseum3
399 1214 436 1270 et
445 1214 600 1270 mortem
611 1203 704 1298 regis
717 1202 754 1271 in
767 1199 960 1271 adventum
971 1199 1048 1293 ejus
1060 1218 1204 1280 omnes,

141 1313 205 1408 qui
224 1327 323 1383 extra
340 1311 473 1407 regiam
488 1326 609 1397 erant,
623 1311 761 1382 celavit.

189 1426 294 1491 LVII.
330 1421 520 1518 Oppressit
553 1421 662 1518 igitur
697 1421 954 1518 necopinantes
990 1419 1204 1515 ignarosque

141 1554 267 1602 omnes
290 1535 459 1631 Perseus,
490 1545 527 1602 et
557 1555 710 1630 regnum
740 1531 873 1602 scelere
900 1544 1041 1628 partum
1065 1527 1202 1597 invasit.

141 1647 413 1741 Peropportuna
429 1664 529 1712 mors
543 1640 698 1739 Philippi
714 1638 782 1713 fuit
794 1640 837 1712 ad
853 1639 1061 1711 dilationem
1071 1648 1096 1722 ¹,
1110 1651 1147 1709 et
1159 1637 1205 1708 ad

139 1755 233 1824 vires
255 1747 352 1823 bello
373 1751 644 1824 contrahendas.
674 1755 764 1824 Nam
791 1765 874 1848 post
901 1748 1049 1847 paucis²
1075 1745 1205 1818 diebus

141 1887 229 1961 gens
242 1867 508 1947 Bastarnarum,
524 1861 587 1934 diu
603 1860 804 1946 sollicitata,
823 1859 870 1932 ab
884 1861 956 1930 suis
973 1856 1120 1929 sedibus
1132 1880 1204 1928 ma·

140 1996 214 2069 gna
228 1971 390 2069 peditum
408 1974 647 2069 equitumque
663 1971 773 2043 man'u
796 1977 927 2042 Istrum
948 1969 1096 2063 trajecit.
1114 1967 1204 2038 Inde

141 2083 360 2178 praegressis,
382 2083 446 2178 qui
465 2082 673 2154 nuntiarent
690 2082 785 2178 regi,
804 2081 984 2178 Antigono
1002 2093 1040 2150 et
1057 2078 1204 2148 Cottoni

142 2190 301 2287 (nobilis
323 2206 399 2262 erat
418 2196 603 2273 Bastarna,
626 2207 661 2263 et
683 2194 883 2289 Antigonus
906 2189 1103 2288 perinvitus
1121 2210 1203 2258 cum

141 2303 221 2399 ipso
235 2305 391 2373 Cottone
405 2301 542 2399 legatus
555 2301 601 2373 ad
615 2303 845 2374 concitandos
857 2307 1041 2373 Bastarnas
1052 2296 1203 2391 missus)

142 2409 240 2481 haud
254 2410 383 2508 procul
401 2411 608 2510 Amphipoli
626 2411 736 2502 sama,
751 2411 835 2484 inde
850 2413 937 2483 certi
953 2409 1070 2481 nuntii
1084 2432 1206 2480 occur-

141 2627 228 2674 nempe
242 2627 286 2675 per
303 2611 405 2674 regiam
422 2621 449 2659 at
466 2612 547 2660 statim
564 2613 650 2661 Perseo
695 2613 766 2660 tertio
776 2613 871 2661 Pellam
879 2612 996 2678 pervenit.
1010 2612 1068 2674 Ejus
1080 2610 1204 2672 conjectu·

141 2690 249 2737 innotuit
268 2706 311 2754 per
334 2690 455 2738 medicum
465 2714 486 2739 n.
504 2692 574 2739 Mors
589 2693 651 2757 regis
694 2709 728 2740 rae
742 2692 856 2741 nonnihil
865 2693 930 2741 iavet
943 2693 1000 2741 eod.
1010 2694 1205 2757 Mogontqnem

141 2768 223 2815 statim
235 2766 348 2831 qfidetm
362 2768 405 2817 sed
416 2782 461 2832 per
472 2772 576 2819 nuncios
589 2770 651 2820 clun
695 2771 770 2822 Drak.
791 2783 893 2821 testatur
915 2771 1016 2821 rruneios
1032 2768 1204 2836 perdr'sposr'tos
1225 2782 1229 2789 ·

141 2846 247 2896 inditate
263 2858 300 2896 eet
315 2850 402 2896 Perseo
411 2882 420 2907 ,
438 2847 505 2897 etin
521 2850 650 2900 adventurn
695 2851 817 2900 exhibere.
831 2854 877 2901 Bo.

141 2927 193 2988 ejus
212 2926 304 2986 celata,
320 2943 365 2976 nec
382 2928 462 2992 pelam
479 2928 555 2979 iacta:
577 2930 651 2981 rerba
731 2932 793 2981 Car.
805 2934 881 2981 LVII.
903 2948 924 2980 1.
941 2930 1124 2994 Peropportuna
1141 2942 1205 2973 trwrs

141 3017 221 3053 autem
228 3005 393 3072 palamfacta
401 3023 453 3055 non
462 3008 541 3074 accipi
549 3021 653 3073 possunt
698 3006 803 3074 Philippi
805 3009 861 3075 fuit
874 3009 912 3057 ad
923 3007 1079 3063 dilationem,
1095 3021 1129 3052 so.
1147 3004 1204 3051 belli

142 3101 188 3151 pro
211 3086 322 3136 indicna
335 3090 437 3146 Perseo,
464 3091 515 3138 sive
533 3092 651 3141 nuntiata.
697 3090 720 3155 (e
730 3087 893 3154 sqq.)‚qnod
903 3087 1016 3134 adversus
1027 3086 1152 3132 Romanos
1162 3099 1204 3148 pa-

142 3166 249 3228 Quidam
264 3167 377 3219 eihand
392 3170 522 3219 delendum
536 3179 652 3221 censent3
697 3169 773 3229 rabat.

142 3244 195 3302 2ut,
210 3246 303 3294 navium
316 3234 454 3312 scripsisse,
467 3250 490 3296 n·
502 3262 546 3296 aue
559 3249 651 3314 eafae-
732 3263 755 3294 2.
770 3249 830 3293 rose
840 3244 928 3311 pauca
940 3243 1037 3298 aream
1053 3241 1109 3288 uaa
1118 3240 1149 3287 aa
1164 3242 1202 3301 u,

141 3335 189 3380 see,
201 3338 246 3372 aur
256 3326 338 3373 statim
347 3326 512 3390 palamsacta
521 3338 653 3377 essetmors
698 3326 743 3380 31,
754 3340 778 3370 n.
789 3340 861 3372 1.·-
868 3321 992 3386 Antigono
1003 3333 1027 3367 et
1037 3319 1144 3373 Cottoni,
1156 3330 1203 3366 ete.

142 3404 213 3468 regis.
226 3408 298 3451 Forte
311 3405 360 3466 leg.
375 3406 464 3452 Tamen
475 3405 539 3471 (etsi
551 3421 652 3469 praema·
696 3402 813 3449 milonem
825 3402 919 3465 profert
930 3400 1012 3447 Livius
1023 3415 1067 3446 eur
1078 3398 1145 3445 missi
1155 3398 1204 3444 sint

143 3493 195 3529 tura
205 3493 256 3528 erat
269 3498 334 3528 mors
346 3483 421 3545 regis,
433 3483 491 3546 qui,
504 3483 525 3530 si
533 3483 582 3530 vita
595 3474 652 3530 lon·
697 3481 770 3530 Cotto
776 3490 800 3529 et
809 3479 958 3543 Antigonus,
969 3478 1011 3542 qui
1021 3477 1071 3541 regi
1081 3479 1205 3525 Bastarna·

143 3561 196 3621 gior
210 3554 538 3624 suppetiseet‚'Antigonum
551 3561 577 3609 in
595 3577 653 3626 pos-
696 3559 888 3607 rumrdventnm
896 3558 1110 3606 nunciarentlirat
1118 3571 1204 3620 nempe
1267 3575 1276 3591 ι

142 3637 248 3684 sessione
260 3638 326 3700 regni
336 3638 464 3687 relicturus
475 3637 571 3704 iuerat)
582 3641 654 3705 adju
696 3640 772 3688 Cotto
783 3636 874 3686 nobilis
883 3640 1007 3696 Bastarna
1018 3637 1156 3700 Antigonus
1165 3652 1206 3684 ve·

144 3716 382 3780 temporarium„
396 3719 433 3767 vei
450 3720 564 3784 Tempore
577 3720 586 3785 (
597 3720 653 3768 vide
697 3719 825 3783 ro,ipsius
835 3717 944 3782 Philippi
957 3716 1057 3781 legatus.
1067 3716 1113 3763 Eo.
1124 3743 1158 3752 —
1172 3717 1206 3763 Ee

142 3796 173 3844 ad
192 3799 230 3854 11,
248 3798 291 3858 47,
309 3812 335 3844 n.
358 3794 518 3862 moderatim
534 3802 654 3863 potuisset
698 3795 1204 3862 Antigouusperr'nvitus,etc.(postqoatn

145 3876 279 3941 Antigonus
288 3874 298 3939 (
307 3891 363 3923 nam
376 3874 446 3923 harad
456 3878 544 3941 procu!
552 3878 653 3944 Amphi·
696 3888 721 3926 et
731 3878 786 3942 quin
797 3892 921 3925 successor
930 3875 1022 3940 regnis
1035 3874 1151 3938 Philippo
1164 3874 1205 3922 de·

139 3955 194 4019 poli
208 3955 268 4013 tuin
278 3955 345 4003 coni.
357 3971 379 4004 e.
392 3957 422 4016 57
434 3955 490 4021 ),ri
509 3955 561 4005 Aac
569 3957 652 4007 statim
695 3957 799 4005 stimtus
811 3954 872 4019 emt)
881 3972 912 4003 ex
923 3954 1016 4004 emend.
1029 3956 1107 4004 Gron.
1118 3956 1159 4001 Ea
1167 3971 1205 4001 res

138 4034 305 4099 palamfacta
315 4033 375 4082 ess'et
384 4051 447 4083 mors
457 4034 527 4101 regis.
697 4037 833 4101 Antigonus
853 4052 917 4101 sape
932 4036 1019 4084 lunius
1033 4035 1072 4085 ed.
1090 4036 1205 4098 Mogunt.

179 4115 205 4163 6.
217 4116 240 4161 A
248 4112 335 4177 primis
350 4113 533 4179 desperationis,
548 4131 581 4163 se.
597 4115 652 4164 vitre
695 4131 760 4179 soepe
775 4115 911 4164 invitusad.
926 4113 996 4163 Frob.
1009 4115 1082 4179 proh.
1093 4115 1147 4163 Jtc.
1162 4113 1205 4159 Pe·

143 4209 185 4240 seu
198 4193 330 4241 sanationis
345 4204 370 4242 et
388 4193 586 4242 oonvaleseentiae
600 4193 653 4242 Phi·
695 4195 738 4242 rin.
748 4222 783 4231 -
793 4194 872 4261 Inde(
885 4194 972 4243 deinde
981 4193 1033 4257 ).ex
1043 4193 1136 4242 emend.
1148 4192 1206 4238 Bra·

143 4274 217 4338 lippi,
236 4274 299 4321 notis
307 4292 316 4331 ,·
331 4273 386 4322 vide
405 4273 436 4321 ad
454 4275 482 4331 l,
497 4289 527 4330 1,
545 4290 569 4320 n.
590 4273 653 4323 5.-
695 4273 769 4323 keah.
779 4277 857 4324 Fama
868 4275 954 4324 incerti
962 4274 1020 4322 edd.
1031 4284 1087 4321 ante
1100 4271 1170 4319 Frob.
1182 4288 1204 4319 a.

144 4352 343 4415 Praedispositos;
360 4353 496 4417 suspicatur
514 4353 599 4416 Sigon.
607 4369 655 4418 per
702 4355 780 4413 1531,
792 4371 846 4418 quaa
857 4353 1017 4419 primosum
1026 4349 1111 4398 incerti
1119 4346 1205 4398 dedit:

143 4430 617 4495 dispositosequos,utlib.ssXV11‚r.
628 4450 653 4494 7.
696 4433 752 4481 dein
774 4434 834 4482 certi
853 4433 954 4493 conjicit
971 4430 1083 4479 Jacobus'
1095 4429 1206 4479 Periwn.

144 4509 333 4559 med.Graccltus
338 4530 384 4576 per
393 4512 519 4577 dispositos
530 4529 603 4577 equos
612 4513 652 4561 die
696 4512 815 4575 probante
827 4514 897 4561 Crer.
1090 4507 1099 4516 ”
