2722 5040
186 821 253 896 tta
605 830 643 895 r.
674 829 804 896 mvn
1102 809 1227 923 ὒῑὲῑὲξὲῖ

186 950 223 1017 in
249 971 394 1018 omnem
420 949 642 1018 occasionem
667 948 817 1034 intenti;
846 973 912 1020 nec
939 949 1137 1046 quidquam
1167 975 1251 1031 eos,

188 1082 268 1154 quae
281 1070 376 1127 terra
388 1057 549 1154 marique
563 1069 772 1153 agerentur,
788 1055 965 1129 fallebat¹.
981 1063 1174 1156 Postquam
1187 1074 1253 1131 sta·

187 1169 304 1240 tiones
322 1165 493 1239 invalidas
512 1192 588 1239 esse
609 1192 676 1267 pro
694 1169 836 1254 castris,
857 1165 979 1239 forum
998 1167 1107 1240 turba
1123 1170 1252 1240 inermi

189 1275 359 1373 frequens
381 1277 475 1347 inter
496 1291 610 1349 castra
631 1293 669 1350 et
686 1302 784 1349 mare
802 1280 1061 1366 mercantium,
1080 1280 1157 1349 sine
1175 1278 1251 1351 ullo

190 1388 348 1456 terrestri
369 1401 430 1457 aut
446 1387 625 1458 maritimo
644 1391 890 1474 munimento,
910 1389 1096 1475 viderunt,
1117 1389 1191 1460 duo
1208 1391 1251 1462 si-

189 1496 265 1568 mul
293 1495 478 1595 praesidia,
504 1497 715 1569 Placentinae
735 1499 894 1571 cohortis
919 1513 956 1569 et
985 1499 1250 1597 manipulorum
1295 1547 1299 1558 ι

190 1605 354 1679 secundae
390 1605 563 1704 legionis,
600 1607 867 1706 aggrediuntur.
903 1606 1044 1680 Nebula
1078 1611 1252 1680 matutina

192 1729 326 1788 texerat
342 1718 548 1815 inceptum:
568 1742 640 1815 qua
657 1717 838 1790 dilabente
852 1718 897 1789 ad
911 1720 1069 1816 primum
1088 1731 1250 1815 teporem

191 1826 293 1914 solis,
314 1827 502 1924 perlucens
514 1829 589 1924 jam
605 1827 756 1925 aliquid,
774 1830 911 1900 incerta
928 1842 1069 1915 tamen,
1085 1842 1126 1898 ut
1143 1827 1251 1912 solet,

191 1937 252 2008 lux
262 1949 291 2024 ²,
309 1940 464 2036 speciem
479 1940 642 2011 omnium
661 1939 895 2038 multiplicem
915 1938 1068 2009 intuenti
1082 1937 1251 2026 reddens,

190 2061 268 2117 tum
289 2072 436 2145 quoque
457 2046 625 2121 frustrata
642 2054 846 2132 Romanos,
864 2048 980 2118 multo
998 2049 1171 2142 majorem
1186 2048 1250 2133 iis,

191 2181 298 2255 quam
314 2172 407 2247 erat,
421 2158 580 2230 hostium
594 2160 705 2230 aciem
722 2157 888 2230 ostendit.
904 2161 984 2249 Qua
997 2159 1112 2229 territi
1124 2159 1253 2230 utrius·

191 2291 262 2363 que
284 2268 445 2339 stationis
465 2268 596 2339 milites
616 2269 753 2364 ingenti
775 2268 932 2338 tumultu
951 2292 1063 2365 quum
1082 2269 1119 2338 in
1138 2283 1251 2341 castra

190 2373 450 2474 confugissent,
468 2376 564 2448 haud
580 2376 689 2475 paulo
705 2375 756 2447 ibi
772 2377 869 2474 plus,
888 2401 996 2474 quam
1012 2376 1113 2472 quod
1127 2401 1249 2450 secum

191 2487 257 2582 ipsi
275 2487 488 2574 attulerant,
508 2489 654 2558 terroris
671 2485 845 2558 fecerunt.
872 2491 963 2559 Nam
979 2512 1097 2585 neque
1113 2487 1249 2575 dicere,

190 2597 278 2694 quid
296 2597 490 2695 fugissent,
512 2623 578 2670 nec
596 2598 915 2697 percunctantibus
935 2597 1086 2670 reddere
1100 2622 1250 2696 respon·

190 2733 268 2778 sum
288 2723 474 2806 poterant;
497 2723 533 2779 et
551 2709 686 2780 clamor
703 2711 740 2779 in
756 2709 870 2805 portis
884 2707 898 2802 (
910 2722 950 2777 ut
967 2705 1031 2777 ubi
1046 2705 1143 2777 nulla
1157 2722 1249 2777 esset

189 2818 311 2902 statio,
335 2842 415 2914 qum
434 2818 624 2889 sustineret
641 2818 841 2917 impetum)
859 2815 1091 2903 audiebatur;
1108 2830 1144 2886 et
1160 2841 1249 2888 con-

189 2930 344 2999 cursatio
362 2929 399 2998 in
424 2927 580 2999 obscuro
602 2927 839 2999 incidentium
856 2927 1007 2997 aliorum
1025 2927 1062 2995 in
1084 2926 1172 2997 alios
1192 2928 1249 2996 in-

189 3053 328 3111 certum
346 3037 498 3124 fecerat,
517 3063 562 3109 an
580 3037 693 3109 hostis
706 3040 800 3108 intra
816 3036 951 3108 vallum
967 3049 1068 3107 esset.
1084 3039 1164 3107 Una
1177 3063 1249 3108 vox

187 3148 401 3221 audiebatur
426 3148 470 3219 ad
497 3175 594 3220 mare
616 3151 830 3220 vocantium.
861 3147 902 3218 Id
929 3147 1022 3219 forte
1044 3161 1180 3219 temere
1202 3147 1250 3219 ab

187 3286 264 3334 uno
285 3259 522 3332 exclamatum
543 3262 628 3344 totis
647 3260 776 3357 passim
794 3256 1011 3355 personabat
1030 3258 1164 3328 castris.
1182 3261 1249 3328 lta·

190 3398 261 3470 que
280 3373 416 3470 primo,
432 3371 530 3442 velut
541 3371 630 3466 jussi
649 3368 686 3440 id
700 3369 838 3457 facere,
857 3369 962 3466 pauci
979 3367 1122 3454 armati,
1135 3365 1250 3461 major

189 3505 271 3580 pars
285 3481 454 3565 inermes,
468 3479 513 3550 ad
527 3505 625 3551 mare
639 3478 852 3565 decurrunt,
865 3479 949 3549 dein
964 3477 1103 3575 plures,
1117 3491 1250 3574 postre-

186 3615 247 3661 mo
266 3614 380 3687 prope
402 3613 549 3675 omnes,
570 3603 606 3659 et
624 3590 700 3686 ipse
719 3588 863 3676 consul,
884 3612 1019 3684 quum,
1038 3586 1169 3658 frustra
1189 3610 1249 3658 re·

222 3860 283 3907 Car.
290 3861 323 3907 II.
335 3875 357 3906 ι.
368 3860 419 3907 Nee
433 3858 566 3923 quidquam
575 3874 629 3914 eos,
640 3874 694 3922 qum
739 3859 892 3921 vulg-eorum
901 3859 974 3906 turba
983 3857 1093 3913 inermis,
1102 3868 1148 3905 eto.
1156 3857 1248 3922 Supra,

188 3948 330 3998 ιιμνιιιτιιν,
338 3937 460 4001 fallebat,
472 3937 570 3986 nnbat.
583 3936 632 3985 Sed
645 3953 694 3986 ma·
739 3953 760 3985 c.
777 3953 804 3996 1,
816 3937 840 3984 iu
853 3948 928 4002 portu
939 3936 1071 4002 emporium
1079 3933 1249 4000 perfrequens.

187 4013 229 4061 lim
243 4030 338 4070 eorum,
359 4034 429 4080 quoe,
447 4015 573 4081 utsallere
584 4016 694 4066 absolute
773 4032 798 4064 a.
811 4015 938 4063 Perlucens
950 4016 1007 4080 jam
1026 4012 1134 4078 aliquid,
1155 4013 1249 4062 uersa

187 4094 238 4139 siue
251 4108 307 4140 casu
318 4097 441 4161 ponatur(
450 4098 515 4155 mv,
525 4097 622 4157 473V11
631 4129 638 4152 ,
647 4097 692 4154 363
738 4107 818 4143 tamen
825 4129 833 4152 ,
845 4106 872 4141 ut
880 4094 953 4150 solet,
964 4093 1017 4142 tus,
1025 4093 1250 4157 lnxjamcxpcrte

187 4173 260 4228 VIII,
274 4173 322 4230 383
335 4175 375 4232 X,
393 4182 435 4231 143
448 4177 536 4233 XXII,
550 4171 598 4231 333
611 4176 694 4231 XXV,
737 4173 818 4238 aliqua
837 4188 996 4237 perrumpens
1011 4171 1183 4236 quodcumque
1202 4172 1249 4220 ob·

187 4267 218 4313 9;
233 4253 337 4307 XXXI,
356 4253 405 4308 263
422 4254 513 4310 XLIV,
529 4255 562 4309 6,
581 4269 624 4309 ιι,
645 4269 692 4314 29;
738 4253 816 4312 vium,
829 4253 920 4299 incerta
943 4262 1033 4309 umen,
1052 4263 1081 4299 ut
1099 4250 1164 4299 solet
1181 4265 1249 4312 osse,

188 4329 243 4379 vide
260 4331 292 4380 ad
307 4332 362 4388 111,
379 4331 411 4387 8,
425 4346 448 4378 n.
467 4347 481 4376 a
494 4331 517 4393 ),
537 4343 561 4378 et
583 4334 629 4389 sit,
643 4349 693 4395 quo
737 4348 810 4396 quum
825 4330 987 4379 dilabentibus
1001 4329 1096 4378 nebulis
1109 4329 1201 4378 exoriri
1213 4330 1248 4378 ln·

186 4411 301 4459 reseratur
321 4411 349 4461 τὸ
366 4425 436 4473 qmc,
456 4409 528 4458 Drat.
556 4439 586 4445 -
606 4413 693 4456 Forum
737 4409 1009 4475 cipit-Ileubiuuflc
1022 4407 1247 4464 essctstatr'o3vidc

185 4491 256 4538 turba
270 4487 517 4553 inermisrcqncns...
535 4490 692 4536 inerrantium
737 4491 767 4538 ad
777 4494 851 4546 VIII,
867 4491 912 4546 30,
932 4507 956 4537 n.
975 4506 997 4548 ι,
1011 4516 1043 4526 ·-
1054 4490 1130 4537 Forte
1142 4500 1247 4544 tentem

186 4571 265 4631 recepi
275 4586 306 4618 cx
317 4569 410 4618 emend.
426 4570 510 4633 scalig.
521 4581 544 4617 ct
557 4573 633 4619 oron.
647 4585 691 4631 pro
738 4570 792 4618 ride
801 4570 831 4616 ad
840 4571 877 4631 11,
890 4572 918 4616 31
933 4586 976 4627 ,n.
992 4570 1015 4615 3.
1067 4562 1070 4567 ¹
