2722 5040
75 39 1357 355 u

221 796 287 864 118
651 797 690 862 r.
721 795 859 862 alvu
1134 770 1257 873 aaa:

215 915 333 986 rediit.
354 913 444 985 Inde
463 912 647 985 Phocaeam
666 926 831 1010 petentes
848 911 894 981 ad
912 910 1084 997 insulam,
1097 934 1210 1007 quam
1224 918 1284 983 Ba·

215 1025 337 1098 chium
360 1039 491 1096 vocant
507 1024 693 1120 (imminet
711 1020 796 1093 urbi
815 1018 1149 1116 Phocaeensium3),
1169 1046 1284 1119 appu·

216 1136 360 1221 lerunt,
383 1150 441 1220 et,
466 1132 601 1232 quibus
621 1147 704 1204 ante
722 1131 971 1204 abstinuerant
990 1131 1135 1228 templis
1155 1132 1282 1228 signis·

215 1270 289 1342 qne
313 1247 485 1342 (egregie
513 1259 634 1315 autem
665 1256 839 1315 exornata
867 1243 985 1314 insula
1015 1240 1139 1336 erat),
1165 1266 1282 1339 quum

214 1355 392 1427 hostiliter
405 1355 655 1452 diripuissent,
668 1352 713 1423 ad
726 1354 842 1450 ipsam
852 1351 979 1424 urbem
993 1352 1280 1423 transmiserunt.

215 1471 303 1536 Eam
325 1466 446 1536 divisis
461 1467 557 1536 inter
576 1489 615 1536 se
632 1461 797 1562 partibus
816 1487 930 1560 quum
950 1475 1223 1560 oppugnarent,
1246 1474 1283 1547 et

215 1576 406 1664 viderent,
433 1576 511 1647 sine
540 1572 736 1673 operibus,
762 1575 871 1645 armis
895 1571 1081 1670 scalisque·
1098 1572 1178 1669 capi
1204 1594 1281 1641 non

215 1710 340 1783 posse;
360 1687 510 1756 missum
527 1682 573 1754 ab
591 1682 771 1755 Antiocho
785 1683 990 1782 praesidium
1004 1684 1114 1754 trium
1128 1680 1281 1753 millium

216 1810 436 1866 armatorum
457 1819 572 1890 quum
593 1795 760 1866 intrasset
778 1793 929 1881 urbem,
945 1792 1146 1891 extemplo,
1160 1816 1281 1890 oppu-

217 1907 389 2001 gnatione
405 1905 558 1993 omissa,
583 1904 704 1975 classis
721 1903 766 1975 ad
783 1904 937 1975 insulam
956 1929 994 1975 se
1013 1904 1167 2000 recepit,
1191 1901 1281 1975 nihil

216 2015 312 2086 aliud
329 2040 438 2113 quam
455 2014 678 2113 depopulato
691 2015 786 2085 circa
799 2013 930 2086 urbem
943 2013 1102 2085 hostium
1116 2035 1204 2110 agro
1214 2015 1242 2081 l.

262 2130 374 2197 XXII.
407 2123 497 2195 lnde
520 2123 653 2221 placuit
677 2129 880 2195 Eumenem
901 2123 1051 2195 domum
1065 2123 1220 2209 dimitti,
1244 2135 1281 2192 et

215 2258 415 2332 praeparare
436 2232 578 2303 consuli
595 2248 704 2328 atque
720 2234 909 2320 exercitui,
927 2258 1008 2330 quae
1026 2232 1072 2304 ad
1088 2233 1280 2304 transitum

215 2341 442 2439 Hellesponti
461 2366 555 2440 opus
575 2357 714 2429 essent3
727 2366 914 2414 romanam
933 2342 1172 2441 rhodiamque
1189 2342 1280 2414 clas-

214 2477 290 2523 sem
303 2453 422 2523 redire
437 2456 601 2538 Samum,
619 2466 728 2548 atque
746 2452 798 2524 ibi
812 2455 850 2525 in
868 2456 1022 2526 statione
1036 2477 1130 2539 esse,
1151 2478 1198 2525 ne
1216 2458 1281 2524 Po·

212 2562 399 2658 lyxenidas
414 2560 459 2632 ab
472 2559 616 2659 E'pheso
631 2577 804 2633 moveret.
814 2567 899 2634 Rex
914 2565 1062 2652 Elaeam,
1076 2565 1230 2634 Romani
1244 2577 1281 2635 et

213 2670 346 2743 Rhodii
366 2677 512 2743 Samum
527 2671 726 2743 redierunt.
741 2672 796 2744 Ibi
810 2677 859 2744 M.
873 2675 1052 2762 AEmilius,
1067 2674 1177 2746 frater
1191 2697 1279 2773 prae·

213 2784 321 2868 toris,
345 2782 508 2853 decessit.
531 2781 664 2853 Rhodii
681 2782 870 2855 celebratis
891 2788 1089 2882 exsequiis,
1107 2786 1279 2859 adversus

212 2878 375 2980 classem,
400 2915 507 2987 quam
533 2890 627 2962 fama
653 2907 729 2963 erat
748 2918 793 2965 ex
816 2896 918 2991 Syria
936 2898 1080 2984 venire,
1106 2895 1279 2967 tredecim

192 3002 193 3006 ’
211 3003 285 3072 suis
301 2999 472 3085 navibus,
490 3016 527 3072 et
541 3027 615 3072 una
629 3007 705 3073 Coa
718 3006 992 3101 quinqueremi,
1004 3007 1116 3077 altera
1132 3008 1276 3093 Gnidia,

211 3109 400 3198 Rhodum,
419 3125 461 3181 ut
477 3108 528 3180 ibi
546 3112 586 3181 in
603 3113 758 3183 statione
776 3130 912 3199 essent,
928 3114 1081 3214 profecti
1097 3131 1193 3197 sunt.
1219 3119 1278 3189 Bi-

213 3222 287 3293 duo
302 3235 402 3306 ante,
419 3244 527 3316 quam
544 3219 727 3291 Eudamus
741 3247 825 3293 cum
840 3225 949 3295 classe
966 3250 983 3295 a
1000 3230 1106 3296 Samo
1120 3228 1277 3311 veniret,

213 3331 433 3404 tredecima
456 3329 588 3401 Rhodo
610 3357 719 3402 naves
737 3358 821 3403 cum
840 3335 1063 3431 Pamphilida
1087 3336 1277 3433 ¹praesecto

212 3442 382 3515 adversus
399 3439 561 3512 eamdem
584 3442 756 3538 syriacam
775 3443 922 3514 classem
937 3446 1067 3535 missae,
1087 3449 1277 3544 assumptis

214 3551 367 3624 navibus
387 3567 558 3649 quatuor,
584 3576 664 3648 quae
693 3555 804 3625 Cariae
826 3556 991 3652 prasidio
1013 3572 1136 3646 erant,
1160 3581 1277 3654 oppu-

211 3657 405 3760 guantibus
414 3664 540 3761 regiis,
557 3660 701 3733 Daedala
716 3678 752 3733 et
769 3665 933 3760 quasdam
948 3666 1014 3737 alia
1029 3691 1138 3764 parva
1154 3669 1276 3739 castel·

211 3773 267 3845 la²
282 3771 472 3846 obsidione
495 3786 717 3843 exemerunt.
742 3772 940 3847 Eudamum
968 3775 1156 3847 confestim
1178 3776 1277 3846 exire

212 3988 294 4035 classis
304 3986 407 4051 proiecti
417 3995 500 4043 erunt,
511 4000 586 4048 quum
594 3985 722 4032 Seleucum
767 3985 839 4034 chine
847 3989 926 4052 juxta
943 3991 1070 4052 Smyrnam
1088 3991 1154 4056 epod
1170 3991 1233 4041 Plin.
1244 3995 1277 4052 V,

212 4073 331 4124 Antiochi
341 4071 418 4120 lilium
427 4072 453 4118 ln
464 4085 548 4135 agnam
560 4072 613 4130 ejus
622 4069 723 4135 irrupis-
768 4067 800 4113 31
816 4084 859 4116 sen
879 4071 923 4118 38.

213 4171 239 4202 se
257 4152 384 4209 audirent,
405 4166 458 4214 cap.
480 4151 533 4210 183
553 4148 618 4197 nude
636 4159 721 4213 postea
803 4155 827 4202 4.
849 4147 920 4196 Nihil
940 4148 1011 4196 aliud
1033 4165 1109 4212 quam
1128 4150 1276 4215 depopulato

215 4228 400 4297 Adramytteum
408 4226 665 4298 adnavigarunt,csp.
677 4243 722 4291 19,
765 4241 842 4290 αἶνος
853 4227 910 4275 vide
919 4227 950 4276 ed
960 4229 998 4285 ΙΙ,
1008 4244 1063 4292 cap.
1073 4230 1101 4288 ⁸,
1110 4246 1136 4278 n.
1151 4245 1176 4292 9.

152 4328 166 4351 ,·
191 4326 266 4376 ‚quo
283 4304 651 4359 nuncredilssedieuntnr.En.
801 4308 862 4356 Car.
879 4308 962 4357 xxtt.
985 4324 1006 4355 1.
1030 4308 1089 4356 stem
1111 4309 1275 4374 Pamphylida

249 4391 273 4436 3.
287 4386 372 4434 Insula
376 4420 384 4442 ,
396 4401 471 4450 quam
479 4382 596 4431 Bacdinna
610 4385 650 4449 (al.
661 4389 723 4434 Ban-
762 4384 879 4452 praeficta
890 4404 899 4442 ,·
912 4385 969 4433 vide
982 4387 1013 4434 nd
1026 4403 1081 4452 cap.
1093 4403 1138 4446 ta,
1147 4404 1172 4435 n.
1180 4404 1205 4437 a.

145 4514 152 4529 ,
216 4469 297 4516 etium
310 4475 335 4513 et
349 4462 481 4532 Baebium)
495 4473 602 4519 meant,
616 4462 723 4512 immitet
802 4480 826 4511 a.
843 4463 948 4512 Daedala
964 4476 989 4512 et
1006 4465 1122 4530 quadam
1133 4465 1185 4513 ain
1194 4483 1277 4530 parva

160 4561 165 4570 ·
215 4541 411 4602 Ph0m3vide
423 4541 455 4590 ad
470 4543 521 4604 ΙΙΙ,
540 4542 582 4603 51,
602 4560 627 4591 n.
638 4544 662 4592 3.
677 4546 723 4592 Ba·
765 4544 887 4593 castella:
909 4560 955 4608 pm
965 4562 1047 4609 pam
1064 4545 1135 4593 multi
1156 4547 1219 4595 MSS
1232 4563 1277 4610 per

209 4665 223 4695 N
