2722 5040
188 74 295 119 naves
314 25 577 146 aggrederetur.
599 49 769 129 Romani,
788 73 841 144 pai

188 160 309 230 nebris
332 176 477 255 portum
504 162 628 229 Sumite
655 159 836 228 desertum

188 287 336 363 caetera,
365 285 510 341 noctem
537 285 650 341 totam
677 270 714 338 in
744 269 852 362 altuj

188 395 334 476 portum
355 379 525 451 decurrit.
547 379 602 450 Ihi
620 402 665 452 ex
683 377 856 476 agrestibt

187 515 297 564 naves
310 492 355 563 ad
370 487 581 563 AEthaliam³
599 504 712 580 stare,
727 489 861 562 consilii

185 600 369 697 extemplo
401 599 639 684 decernerent
654 603 681 690 ⁴,
720 622 768 671 an
806 598 866 672 rh<

187 709 344 783 classem.
367 711 485 783 Dilata
502 736 563 798 re,
580 713 629 783 ita
652 711 749 782 enim
767 709 871 809 placu

185 836 382 906 venerant,
409 821 639 915 trajecerunt.
672 818 876 917 Polyxenid

187 927 319 1001 frustra
343 931 519 1018 stetisset,
540 931 722 1028 Ephesum
736 928 867 1002 rediit:

187 1063 301 1109 vacuo
325 1039 371 1111 ab
395 1038 561 1113 hostibus
582 1042 673 1112 mari
696 1045 843 1111 Samum
863 1052 886 1111 tt

187 1163 224 1220 et
252 1147 379 1221 rhodia
406 1150 525 1223 classis
553 1166 635 1249 post
661 1150 737 1223 dies
761 1172 891 1247 paucos

189 1275 428 1357 exspectatam
454 1285 532 1334 esse
553 1273 764 1359 appareret,
787 1256 896 1358 profe

187 1370 390 1468 Ephesum,
412 1386 453 1442 ut
471 1386 533 1442 aut
552 1369 789 1443 decernerent
806 1394 900 1442 nava

189 1481 217 1551 si
238 1480 454 1553 detrectaret
474 1480 587 1555 hostis
607 1504 764 1578 pugnam
787 1483 900 1578 (quot

189 1606 264 1662 erat
282 1590 484 1662 adnuimus
502 1590 742 1687 civitatium),
762 1591 900 1661 timoris

190 1703 401 1799 primerent.
424 1705 560 1773 Contra
577 1699 697 1772 fauces
713 1716 841 1801 portus
854 1701 900 1772 im

190 1813 337 1883 navium
357 1814 433 1884 acie
452 1826 593 1884 stetere.
620 1816 814 1909 Postquam
838 1835 900 1882 ner

190 1921 301 1994 classe
320 1921 452 2011 divisa,
470 1947 554 2020 pars
571 1924 608 1992 in
626 1922 700 1994 salo
715 1922 760 1994 ad
774 1922 900 1992 ostium

190 2171 702 2237 atquelloerlup'uumyonuesumimulan
783 2166 900 2220 &Am

191 2265 242 2298 cuo
261 2251 326 2300 inter
344 2253 414 2300 Teon
432 2268 460 2300 ιο
480 2252 603 2302 lebedum
625 2252 702 2302 ionic
746 2248 893 2301 etEuttath.

192 2330 322 2380 mucidam
338 2331 426 2391 urbas,
443 2343 544 2381 auctura
563 2332 700 2388 Stultum,
746 2330 897 2378 ,lintax-⁶

192 2411 379 2466 11V.⁶t3.tt··
436 2411 505 2434 ¹¹''
