2722 5040
195 721 245 812 tss
412 799 417 803 ,
626 728 664 795 r.
698 724 835 796 mvn
1116 708 1239 812 hill:

196 861 346 920 caeteros
363 841 532 944 princeps
544 844 744 917 AEtolorum
757 848 988 919 Damocritus
1001 864 1075 938 est,
1090 854 1154 948 qui
1166 854 1266 950 priu-

195 956 291 1055 cipio
304 953 391 1027 belli
405 953 590 1026 decretum
605 955 806 1028 AEtolorum
818 1012 828 1045 ,
841 983 915 1055 quo
929 961 1186 1033 arcessendum
1200 966 1268 1033 An-

194 1066 356 1139 tiochum
379 1079 596 1137 censuerant
607 1062 635 1153 ⁵,
652 1071 692 1137 Τ.
708 1069 861 1159 Quintio
883 1072 1047 1167 poscenti
1066 1072 1266 1170 responde·

194 1192 275 1250 rat:
300 1183 343 1250 In
366 1175 477 1249 Italia
498 1175 689 1264 daturum,
714 1204 827 1275 quum
851 1197 971 1250 castra
993 1181 1047 1251 tbi
1066 1181 1183 1253 AEtoli
1192 1209 1267 1282 po-

194 1291 357 1357 suissent.
378 1282 437 1356 Oh
459 1309 538 1356 eam
558 1282 726 1358 ferociam
746 1289 863 1383 majus
881 1290 1077 1362 victoribus
1096 1293 1269 1391 gaudium

195 1395 348 1468 traditus
364 1394 446 1466 fuit.

243 1510 355 1579 XXV.
382 1505 520 1578 Eodem
547 1521 735 1607 tempore,
762 1533 838 1605 quo
862 1512 1015 1581 Romani
1039 1512 1268 1602 Heracleam,

195 1617 382 1717 Philippus
401 1620 563 1689 Lamiam
588 1645 633 1691 ex
654 1621 879 1718 composito¹
901 1622 1155 1721 oppugnabat,
1176 1625 1270 1696 circa
1333 1662 1337 1669 ·

194 1727 452 1827 Thermopylas
478 1754 561 1801 cum
583 1729 754 1818 consule,
779 1729 954 1803 redeunte
977 1754 1022 1803 ex
1046 1736 1204 1821 Boeotia,
1229 1749 1270 1806 ut

195 1839 384 1912 victoriam
398 1840 468 1938 ipsi
485 1841 698 1939 populoque
718 1865 871 1912 romano
885 1843 1141 1938 gratularetur,
1159 1869 1269 1916 excu-

195 1964 383 2047 saretque‚
401 1951 504 2048 quod
518 1950 651 2023 morbo
666 1951 863 2051 impeditus
877 1953 977 2025 hello
995 1979 1071 2025 non
1090 1953 1271 2026 interfuis-

196 2074 272 2147 set,
285 2085 514 2159 cougressus.
526 2061 616 2134 lude
630 2062 762 2134 diversi
776 2062 820 2133 ad
833 2061 922 2134 duas
935 2064 1041 2134 simul
1057 2088 1271 2163 oppugnan-

196 2171 260 2243 das
289 2171 398 2244 urbes
428 2170 593 2271 profecti·
624 2180 811 2246 Intersunt
841 2189 980 2272 septem
1012 2176 1122 2246 millia
1154 2173 1270 2247 ferme

196 2309 367 2386 passuum
380 2314 390 2375 3
406 2302 442 2359 et
456 2290 541 2385 quia
559 2290 681 2367 Lamia
702 2313 818 2385 quum
832 2290 951 2386 posita
963 2304 1016 2361 est
1029 2291 1089 2360 in²
1107 2291 1270 2378 tumulo,

195 2411 275 2469 tum
302 2397 488 2493 regionem
514 2422 594 2469 eam
624 2400 778 2472 maxime
805 2399 1012 2497 despectat,
1035 2400 1173 2498 oppido
1198 2425 1271 2497 qua

196 2508 308 2579 breve
336 2508 567 2580 intervallum
594 2507 761 2597 videtur,
790 2510 979 2581 etomnia
1004 2511 1042 2579 in
1070 2524 1270 2609 conspectu

197 2632 292 2690 sunt.
316 2623 440 2710 Quum
469 2619 590 2708 enise,
616 2620 715 2703 velut
743 2620 933 2719 proposito
960 2621 1175 2706 certamine,
1195 2624 1270 2691 Ro·

174 2748 177 2753 ’
197 2732 296 2802 mani
310 2731 604 2829 Macedonesque
622 2732 717 2813 dlem
733 2758 775 2805 ac
788 2747 933 2804 noctem
948 2747 1011 2802 aut
1024 2732 1061 2801 iu
1077 2730 1270 2828 operibuS,

196 2856 259 2913 aut
284 2843 321 2912 in
346 2840 477 2940 praeliis
498 2858 639 2931 essent,
658 2842 729 2939 hoc
752 2844 871 2939 major
892 2840 1083 2913 difficultas
1104 2839 1271 2929 Macedo·

234 3055 258 3103 5.
275 3053 447 3112 Damocritus,
462 3054 506 3119 qui
513 3053 648 3118 principio,
663 3066 711 3103 etc.
756 3055 817 3120 quia
832 3054 922 3103 Lamia
932 3069 1007 3118 quam
1019 3053 1178 3117 posita...ea
1191 3053 1272 3101 maxi·

196 3133 254 3183 vide
266 3133 298 3183 sd
312 3134 427 3193 XXXV,
438 3135 481 3182 33.
493 3159 528 3171 -
540 3133 654 3183 Traditum
657 3134 713 3199 ficit
756 3150 795 3181 me
812 3132 939 3198 despectat
957 3133 1087 3198 oppidum,
1104 3145 1271 3196 qua...sunta

196 3211 259 3278 (scil.
270 3210 438 3276 Damocritus)
452 3230 483 3260 ex
496 3212 591 3260 emend.
603 3213 711 3263 Freinsh.
757 3229 832 3277 qaum
843 3213 922 3270 curse,
939 3223 986 3261 etc.
999 3213 1037 3260 Ex
1051 3227 1099 3275 qus
1115 3211 1223 3261 lectione
1234 3214 1271 3260 st-

195 3304 221 3343 et
233 3292 319 3357 primis
328 3292 384 3340 edd.
398 3308 445 3357 pro
459 3291 640 3358 traditamfitie.
757 3308 815 3356 gon.
826 3292 925 3357 quidem
940 3307 1051 3350 sensum,
1060 3291 1103 3339 sed
1113 3292 1166 3356 ipsa
1177 3292 1270 3341 obscu-

232 3373 294 3421 Car.
302 3373 387 3421 XXV.
400 3371 625 3437 1.Eacomposito.
636 3372 713 3420 Nimi-
757 3373 860 3428 dorem,
871 3383 896 3420 et
905 3374 984 3420 Gran.
994 3372 1060 3420 hunc
1073 3370 1152 3419 elicit:
1163 3370 1213 3419 hoc
1223 3372 1270 3420 dil-

195 3468 264 3509 ram,
274 3462 302 3499 ut
316 3462 387 3499 notat
399 3452 531 3516 Doering„
549 3451 678 3517 Philippus
688 3463 714 3501 et
757 3449 889 3500 ficultatem
896 3450 1005 3500 attulisse
1012 3448 1271 3514 Macedonibus,quod

196 3531 285 3580 consul
301 3530 390 3578 dehac
405 3547 432 3579 rs
449 3531 514 3578 inter
529 3547 555 3578 se
572 3542 670 3595 egerant
688 3543 712 3579 et
756 3530 822 3578 unde
845 3531 951 3579 maxime
973 3530 1060 3578 tenmri
1081 3528 1139 3576 urbs
1158 3540 1270 3594 poterat,

198 3621 377 3668 couvenerant,
392 3621 420 3658 ut
432 3611 514 3659 statim
523 3609 631 3670 additur,
646 3609 713 3658 caica
757 3625 846 3674 nempe
854 3626 903 3674 qua
912 3619 981 3673 parte
990 3608 1161 3657 brevissimum
1170 3619 1223 3657 erat
1231 3609 1270 3658 in-

202 3689 393 3753 Thermopylas,
418 3690 464 3737 ubi
486 3690 615 3755 Philippus
640 3701 711 3738 autea
757 3688 883 3737 tervsllum
901 3703 944 3736 seu
965 3687 1070 3752 spatium
1085 3688 1150 3736 inter
1168 3688 1270 3748 collem,

116 3798 124 3814 s
197 3784 253 3816 cum
266 3767 367 3817 consuls
379 3784 523 3833 congressus
534 3770 712 3818 fuerat.Eo.-
756 3767 857 3815 coierat
868 3767 1032 3832 imposits‚et
1044 3766 1133 3832 plaut,
1145 3768 1270 3832 inquibus

198 3847 260 3895 Inde
275 3847 524 3914 diversi...profieti,·
545 3848 603 3896 vide
618 3848 651 3897 sd
662 3853 712 3910 111,
756 3845 872 3894 tendebat
890 3845 1036 3911 Philippus,
1057 3862 1083 3893 ea
1106 3847 1173 3911 regio
1190 3848 1270 3895 omnis

199 3928 249 3986 60,
266 3944 293 3975 u.
309 3944 331 3974 1.
756 3925 888 3991 oppidanis
900 3937 950 3974 erat
967 3923 1013 3971 sub
1033 3925 1168 3974 certissimo
1185 3926 1270 3974 oculo-

235 4023 260 4055 a.
272 4008 305 4054 Et
314 4005 375 4072 qnia
386 4005 474 4054 Lamia
482 4022 557 4071 qaum
561 4005 654 4070 posita,
664 4017 711 4054 etc.
755 4022 809 4054 rum
819 4007 882 4062 ictu,
891 4017 920 4053 ut
929 4003 990 4052 nihil
1001 4019 1099 4052 movere
1107 4015 1198 4070 posset,
1209 4006 1269 4069 quin

197 4086 344 4151 eplerisque
354 4087 417 4133 Mss
429 4097 454 4134 et
467 4084 524 4134 edd.
537 4096 599 4132 sutt.
616 4086 711 4134 restitui
755 4085 975 4134 animadverterent
994 4095 1201 4149 occurrereutque
1225 4085 1270 4132 oh·

196 4178 296 4215 auctore
305 4160 559 4214 BenedictoinOhss.
567 4163 599 4211 ad
608 4164 712 4223 Livium,
755 4169 827 4225 sessi,
850 4174 923 4228 atquc
942 4179 972 4211 eo
993 4163 1181 4228 compelleretur
1206 4165 1270 4214 dolis

196 4246 271 4308 Terg.
285 4245 359 4299 1804.
372 4243 502 4300 Gelenius,
514 4243 626 4291 Gronov.
640 4243 711 4291 Creu.
755 4245 918 4294 subterraneis
930 4257 1010 4307 agere,
1021 4258 1074 4290 nou
1090 4260 1163 4309 supra
1180 4256 1268 4293 terram

196 4323 277 4388 (mele
288 4323 330 4370 hic
342 4323 431 4370 citetur
446 4321 543 4370 Crever.
559 4321 602 4386 qui
618 4321 710 4380 edidit,
755 4325 844 4373 moliri.
858 4322 983 4371 Sententia
1001 4322 1054 4372 haec
1074 4335 1130 4388 apta
1151 4324 1268 4388 quidem,

194 4402 334 4468 despectat,
355 4400 446 4466 oppido
464 4416 540 4464 quam
556 4401 637 4458 breve,
659 4413 706 4449 etc.
755 4403 798 4453 sed
815 4403 901 4452 durius
917 4418 1045 4466 expressat
1067 4403 1134 4468 quod
1154 4403 1268 4467 pluribus

196 4479 253 4545 Eo.)
261 4493 285 4529 et
296 4480 372 4528 Drsk.
385 4479 544 4543 erodMog.
556 4480 671 4528 edidere:
683 4493 708 4527 et
751 4479 837 4530 docuit
856 4480 948 4530 Duker.
971 4481 1041 4530 Idem
1058 4493 1083 4530 et
1100 4481 1191 4541 Drsk.,
1211 4500 1266 4547 quae
