2722 5040
142 826 210 908 aaa
560 823 598 887 ι,
633 824 773 891 tivit
1058 804 1180 916 ςςξῑξξζς

143 950 179 1016 in
200 958 312 1016 castra
328 945 498 1013 victorem
519 944 713 1012 exercitum
732 943 885 1014 reduxit.
909 943 1043 1014 Acilius
1060 968 1207 1015 manere

143 1059 177 1125 in
207 1055 329 1125 castris
354 1052 399 1123 ab
424 1078 460 1122 se
480 1053 591 1149 captis
609 1054 744 1145 jussus:
769 1049 997 1150 postero'die
1023 1055 1137 1153 spolia
1161 1053 1207 1125 de

144 1166 310 1238 hostibus
327 1163 440 1260 lecta,
459 1178 496 1232 et
517 1186 585 1259 pro
602 1165 776 1234 concione
798 1165 938 1251 donati,
959 1189 1116 1262 quorum
1135 1165 1208 1235 vir·

144 1295 201 1349 tus
220 1277 367 1373 insignis
385 1272 508 1343 fuerat.

193 1389 353 1458 xxxsst.
382 1383 515 1453 Sauciis
542 1381 671 1453 deinde
696 1384 733 1452 in
759 1383 935 1481 oppidum
955 1382 1126 1455 AEburam
1144 1381 1209 1454 de·

144 1498 272 1579 vectis,
292 1519 357 1592 per
373 1493 621 1590 Carpetaniam
639 1491 681 1562 ad
700 1492 951 1565 Contrebiam¹
970 1493 1086 1565 ductae
1103 1493 1211 1588 legio·

146 1631 219 1676 nes.
246 1609 296 1674 Ea
317 1585 405 1673 tirbs
429 1603 678 1690 circumsessa,
698 1628 812 1699 quum
832 1629 851 1674 a
873 1603 1060 1675 Celtiberis
1081 1603 1210 1674 auxilia

145 1715 367 1800 arcessisset,
396 1709 622 1782 morantibus
647 1713 708 1798 iis,
742 1736 816 1783 non
849 1715 933 1811 quia
964 1714 1030 1811 ipsi
1055 1714 1210 1784 cunctati

146 1839 250 1907 sunt,
267 1822 329 1893 sed
349 1823 433 1919 quia
453 1819 633 1919 profectos
649 1847 670 1892 a
688 1822 798 1893 domo
817 1823 1084 1921 inexplicabiles
1103 1824 1212 1894 couti·

148 1936 228 2005 nuis
248 1931 426 2004 imbribus
444 1932 509 2001 viae
533 1947 568 2002 et
592 1931 705 2004 inllati
730 1955 851 2003 amnes
874 1931 1064 2020 tenebant,
1083 1932 1211 2031 despe-

147 2064 224 2118 rato
250 2046 383 2117 auxilio
408 2068 582 2130 suorum,
610 2046 647 2114 in
679 2044 896 2117 deditionem
928 2047 1034 2116 venit.
1067 2045 1211 2116 Flaccus

148 2183 316 2255 quoque,
336 2154 605 2255 tempestatibus
624 2156 728 2228 foedis
746 2173 907 2243 coactus,
924 2159 1119 2228 exercitum
1139 2176 1213 2226 om·-

150 2271 284 2340 nemin
304 2266 432 2338 urbem
446 2266 655 2337 introduxit.
676 2265 868 2356 Celtiberi,
888 2268 988 2363 quia
1006 2266 1118 2338 domo
1132 2288 1212 2363 pro·

148 2378 231 2451 secti
249 2393 368 2461 erant,
386 2375 578 2446 deditionis
593 2378 726 2472 ignari,
747 2402 861 2474 quum
881 2377 1047 2464 tandem,
1065 2400 1212 2474 supera·

40 2510 46 2530 “
149 2493 215 2574 tis,
234 2487 297 2558 ubi
320 2489 477 2584 primum
495 2487 710 2556 remiserunt
727 2485 898 2575 imbres²‚
918 2487 1100 2570 amnibus,
1124 2491 1214 2558 Con·

148 2596 300 2668 trebiam
314 2597 511 2680 venissent,
527 2610 717 2691 postquam
733 2611 846 2668 castra
857 2597 955 2668 nulla
970 2613 1069 2668 extra
1081 2599 1213 2668 moenia

152 2707 338 2794 viderunt,
364 2709 485 2776 autin
511 2704 657 2776 alteram
684 2723 823 2804 partem
851 2708 1018 2778 translata
1041 2707 1130 2795 rati,
1154 2720 1215 2778 aut

150 2816 335 2886 recessisse
351 2813 492 2901 hostes,
512 2838 577 2912 per
595 2815 844 2912 negligentiam
862 2815 968 2888 effusi
981 2816 1024 2888 ad
1039 2816 1213 2915 oppidum

150 2940 384 2998 accesserunt.
399 2928 440 2994 ln
461 2949 523 2994 eos
537 2924 678 2996 duabus
690 2927 804 3024 portis
818 2931 971 2999 Romani
984 2930 1213 3026 eruptionem

152 3035 333 3117 lecerunt,
352 3050 388 3104 et
414 3035 673 3132 incompositos
701 3036 815 3105 adorti
842 3034 1024 3107 fuderunt.
1049 3039 1138 3128 Quae
1159 3059 1217 3108 res

153 3146 197 3216 ad
214 3143 452 3216 resistendum
471 3167 533 3214 eos
553 3160 589 3214 et
601 3143 645 3214 ad
663 3145 914 3242 capessendam
931 3172 1088 3245 pugnam
1104 3149 1217 3245 impe·

152 3257 235 3341 diit,
255 3253 356 3351 quod
375 3279 448 3324 non
469 3279 544 3324 uno
563 3256 724 3352 agmine,
745 3280 812 3326 nec
829 3255 873 3326 ad
894 3258 995 3353 signa
1012 3256 1217 3354 frequentes

152 3364 362 3451 veniebant,
387 3364 509 3434 eadem
536 3389 671 3461 magnae
692 3368 782 3463 parti
807 3367 851 3436 ad
871 3365 991 3465 fugam
1011 3367 1116 3438 saluti
1138 3365 1213 3439 fuit.

154 3477 271 3573 Sparsi
293 3476 389 3545 enim
415 3489 493 3544 toto
515 3476 643 3571 passim
666 3499 793 3573 campo
820 3501 856 3547 se
884 3475 1127 3563 diffuderunt3
1151 3500 1217 3550 nec

156 3611 307 3684 nsquam
333 3583 514 3657 confertos
538 3610 600 3657 eos
618 3586 731 3657 hostis
753 3590 996 3659 circumvenit.
1016 3592 1150 3659 Tamen
1174 3585 1217 3659 ad

156 3698 347 3768 duodecim
365 3695 473 3767 millia
496 3711 580 3766 sunt
594 3720 702 3784 caesa;
716 3714 819 3795 capta
834 3698 916 3796 plus
928 3688 1090 3794 quinque
1109 3698 1218 3769 millia

157 3808 369 3890 hominum,
398 3807 482 3902 equi
506 3805 780 3904 quadringenti,
807 3810 906 3905 signa
929 3809 1093 3879 militaria
1119 3832 1218 3880 sexa-

192 4082 253 4128 Ctr.
266 4079 385 4125 XXXlll.
410 4093 430 4124 ι.
451 4077 494 4124 Ad
513 4077 666 4124 Contrebiam
710 4078 798 4127 cabiles
808 4080 926 4128 continuis
937 4079 1052 4127 imbribus
1063 4081 1128 4137 vim
1138 4080 1220 4128 dicun·

155 4159 240 4206 urbem
260 4156 451 4213 Celtiberorum,
470 4166 511 4202 aut
533 4155 557 4200 in
577 4153 667 4203 linibus
710 4169 751 4204 tur
769 4159 964 4222 inexplicabiles,
989 4159 1054 4223 quod
1079 4159 1151 4219 luto,
1176 4175 1218 4224 per

157 4254 240 4287 eorum
254 4237 338 4292 sitam,
348 4249 403 4295 quae
416 4245 440 4280 et
454 4244 601 4280 memoretur
614 4235 667 4281 rto-
711 4238 841 4285 continuos
851 4237 941 4285 imbres
955 4238 1074 4295 collecto,
1087 4240 1119 4286 ita
1134 4238 1217 4302 opple·

160 4335 202 4375 ro,
214 4320 251 4373 ll,
262 4312 400 4375 173Velleio
408 4346 416 4370 ,
425 4313 463 4368 11,
474 4313 487 4357 5
499 4311 588 4365 3Valer.
599 4314 665 4362 tta.
711 4329 741 4364 tae
753 4328 833 4376 erant,
843 4329 870 4363 ut
881 4317 956 4381 pedes
970 4319 996 4365 iu
1012 4335 1041 4366 eo
1051 4319 1164 4383 impliciti
1177 4318 1218 4366 vix

162 4403 197 4456 ιι,
214 4417 244 4458 7,
261 4397 276 4462 S
293 4410 335 4453 ro,
345 4394 407 4449 vtt,
418 4399 446 4449 t,
460 4392 475 4456 s
488 4391 512 4437 5.
526 4391 598 4437 Cous.
615 4394 666 4456 Ap·
712 4395 799 4443 deinde
811 4406 910 4459 possem
920 4396 1039 4460 expediri.
1051 4401 1096 4445 Eo:

160 4479 223 4540 piati.
242 4476 312 4538 Hiep.
331 4480 361 4524 4²
372 4505 379 4527 ‚
392 4469 435 4533 qui
448 4486 500 4517 eam
515 4472 665 4538 Κομπλέγαν
745 4490 769 4519 a.
785 4474 831 4520 vbi
840 4475 944 4536 primiore
959 4475 1101 4524 remiserunt
1116 4466 1200 4523 iribm
1208 4490 1219 4529 ‚·

159 4575 203 4605 „a
217 4536 487 4623 Kopssxqbsippellat.
507 4576 540 4585 -
555 4552 664 4614 Incepii·
710 4553 765 4599 vide
779 4553 809 4600 ad
823 4555 860 4610 ll,
872 4554 902 4607 34
912 4587 919 4607 ‚
931 4570 955 4600 ιι.
970 4572 993 4615 7.
