2722 5040
901 297 903 300 y
1078 287 1145 294 ,......,
1150 287 1156 291 .

204 402 207 409 ι

172 719 293 835 illl·
368 743 460 809 um.
487 743 563 811 xi..
593 743 700 811 car.
726 741 840 807 nvn.
867 741 999 808 evul.
1136 739 1205 812 525

143 862 300 949 bellum,
321 877 619 959 recuperaturum
640 865 733 933 sein
755 861 912 947 Graecia,
926 884 1006 956 quae
1024 861 1205 935 amisisset.

57 1012 61 1029 ·
145 981 230 1044 Haec
249 972 404 1071 Philippi
423 973 571 1044 consilia
588 972 740 1044 fuerant.

194 1087 317 1155 LVIII.
342 1085 497 1181 ingressi
523 1098 608 1154 sunt
631 1100 757 1181 pacato
782 1084 940 1180 agmine,
957 1082 1029 1154 fide
1044 1085 1207 1156 Cottonis

145 1209 183 1264 et
203 1195 381 1289 Antigoni.
405 1193 476 1264 Sed
492 1193 589 1264 haud
606 1194 721 1264 multo
738 1208 822 1292 post
842 1191 970 1264 famam
988 1197 1114 1265 mortis
1128 1193 1206 1266 Phi·

147 1304 236 1401 lippi
251 1329 371 1401 neque
388 1304 543 1375 Thraces
566 1304 784 1374 commercio
799 1300 935 1374 faciles¹
955 1318 1073 1389 erant,
1090 1328 1209 1400 neque

146 1419 323 1484 Bastarna
338 1429 461 1512 empto
479 1415 638 1484 contenti
654 1437 730 1484 esse
743 1427 928 1511 poterant,
940 1429 1002 1484 aut
1017 1414 1053 1483 in
1071 1417 1210 1510 agmine

147 1523 346 1606 contineri,
368 1547 414 1594 ne
436 1521 654 1594 decederent
674 1525 740 1593 via.
764 1521 853 1594 Inde
876 1525 1014 1619 injuriae
1038 1524 1135 1595 ultro
1159 1527 1211 1595 ci·

147 1649 276 1729 troque
291 1631 369 1704 fieri
386 1660 393 1700 :
413 1659 565 1730 quarum
582 1633 708 1704 indies
724 1635 947 1704 incremento
960 1632 1098 1704 bellum
1112 1659 1211 1706 exar-

147 1743 201 1812 sit.
229 1748 416 1813 Postremo
443 1743 616 1829 Thraces,
644 1767 759 1840 quum
781 1742 851 1811 vim
880 1766 920 1813 ae
944 1741 1211 1814 multitudinem

148 1852 324 1922 sustinere
344 1852 501 1922 bostium
521 1878 595 1922 non
620 1867 787 1950 possent,
806 1851 935 1922 relictis
953 1853 1212 1949 campestribus

147 1962 233 2032 vicis
244 1972 272 2049 ²,
295 1963 331 2031 in
352 1978 514 2034 montem
535 1963 689 2060 ingentis
708 1960 905 2033 altitudinis
922 1962 1128 2058 (Donucam
1146 1987 1211 2033 vo·

147 2071 256 2165 cant)
284 2088 549 2143 concesserunt.
581 2075 664 2163 Quo
693 2071 757 2142 ubi
787 2074 838 2142 ire
865 2077 1040 2143 Bastarnae
1063 2072 1213 2161 vellent,

148 2180 245 2278 quali
269 2196 479 2280 tempestate
503 2183 625 2254 Gallos
649 2183 843 2281 spoliantes
865 2181 1028 2279 Delphos
1045 2179 1138 2252 fama
1160 2195 1214 2252 est

150 2308 356 2391 peremptos
385 2318 462 2364 esse
472 2289 500 2380 ³,
529 2293 607 2364 talis
637 2309 713 2365 tum
741 2298 944 2378 Bastamas‚
967 2289 1214 2389 nequidquam

149 2403 192 2474 ad
207 2403 292 2499 juga
309 2405 487 2475 montium
507 2405 857 2501 appropinquantes,
878 2402 1067 2499 oppressit.
1088 2405 1214 2497 Neque

149 2513 244 2582 enim
262 2511 377 2584 imbre
400 2527 538 2584 tantum
556 2511 694 2598 effuso,
709 2510 791 2582 dein
810 2510 1026 2583 creberrima
1042 2511 1214 2609 grandine

149 2621 272 2693 obruti
293 2639 397 2710 sunt,
423 2648 505 2694 cum
528 2624 664 2720 ingenti
689 2620 829 2718 fragore
848 2621 924 2692 caeli
947 2620 1214 2720 tonitribusque
1271 2610 1274 2615 ⁴

149 2747 184 2802 et
202 2730 405 2829 fulguribus
424 2732 756 2831 praestringentibus
770 2734 882 2805 aciem
897 2732 1130 2820 oculorum⁴;
1152 2731 1214 2804 sed

151 2839 299 2913 fulmina
317 2847 423 2914 etiam
442 2845 492 2914 sic
505 2843 667 2940 undique
681 2843 881 2931 micabant,
904 2857 945 2914 ut
962 2844 1036 2940 peti
1049 2841 1214 2913 videren-

150 2965 209 3021 tur
227 2977 395 3050 corpora‚
416 2978 482 3024 nec
502 2955 619 3025 solum
637 2954 789 3040 milites,
810 2953 872 3026 sed
892 2955 996 3024 etiam
1016 2952 1214 3049 principes,

151 3062 209 3131 icti
230 3062 410 3134 caderent.
431 3070 576 3162 ltaque,
595 3090 709 3162 quum
730 3065 901 3163 praecipiti
920 3061 1004 3158 fuga
1024 3085 1090 3159 per
1105 3083 1214 3156 rupes

152 3171 311 3268 praealtas
339 3175 531 3273 improvidi
561 3191 807 3247 sternerentur
837 3185 1077 3267 ruerentque,
1104 3170 1214 3239 insta·

151 3279 238 3351 bant
255 3282 402 3378 quidem
416 3282 589 3381 perculsis
602 3283 770 3366 Thraces;
785 3280 848 3351 scd
864 3282 932 3377 ipsi
950 3279 1037 3350 deos
1051 3293 1215 3350 auctores

151 3389 240 3487 fugae
265 3417 364 3476 esse,
394 3392 595 3488 caelumque
619 3393 656 3460 in
681 3415 848 3461 seruere
873 3387 1026 3460 aiebant.
1047 3389 1215 3485 Dissipati

152 3499 317 3597 procella,
331 3525 458 3596 quum,
473 3517 644 3595 tanquam
661 3524 703 3570 ex
721 3490 1096 3595 naulragimplerique
1109 3498 1214 3567 semi-

186 3735 243 3782 Car.
258 3734 349 3780 LVIII.
373 3749 394 3779 1.
414 3731 559 3780 Commercs'o
566 3729 658 3795 faciles
739 3737 764 3782 3.
776 3733 850 3797 Quali
861 3741 1001 3797 tempestate
1012 3730 1097 3777 Gallos
1107 3729 1214 3794 spoliau-

152 3814 176 3860 li.
185 3814 202 3862 l.
217 3812 344 3870 dicuutur,
357 3812 399 3876 qni
412 3811 439 3859 in
451 3800 603 3860 commerciis
616 3810 660 3860 scu
704 3825 738 3862 tes
749 3811 855 3877 Delphos
860 3811 937 3878 farra
954 3820 989 3856 est
1002 3821 1137 3874 peremptos
1149 3825 1214 3871 essu

151 3893 292 3940 crescaturis
310 3891 425 3939 faciendis
440 3906 508 3955 equa
521 3891 659 3954 postumi,
703 3892 761 3941 vide
774 3891 805 3939 dc
816 3890 862 3939 hae
875 3907 901 3938 rc
914 3891 1015 3936 ranan.
1024 3887 1051 3935 in
1061 3888 1138 3936 Attio.
1149 3897 1178 3947 I,
1187 3902 1212 3939 et

151 3971 194 4033 qui
203 3971 322 4019 fminenta
331 3970 396 4019 haud
406 3968 482 4018 nimio
491 3968 600 4017 vendunt
608 3985 660 4032 prc-
705 3972 730 4018 in
737 3971 836 4019 Phocic.
845 3971 888 4028 23,
898 3980 922 4018 et
932 3967 1127 4026 Instimmv,
1134 3970 1158 4016 8.
1166 3970 1210 4020 Ilo.

151 4050 187 4096 ti0
195 4067 203 4108 ς
212 4066 285 4113 germ.
298 4053 342 4098 mit
354 4049 431 4096 &nen
441 4047 491 4096 sicli
500 4059 545 4114 gut
553 4046 659 4097 tandein
738 4058 761 4105 I.
776 4049 874 4113 Fulgin.
889 4045 1113 4112 praestringentibus
1135 4047 1213 4105 aciem

154 4129 208 4176 lc‘s'st.
227 4129 301 4178 Conf.
311 4127 343 4175 td
353 4130 403 4183 111.
414 4144 462 4193 go,
472 4143 496 4175 n.
511 4141 533 4174 1.
704 4128 841 4185 oculorum,
862 4125 1062 4175 obtundentibus.
1085 4126 1160 4175 cont.
1180 4129 1213 4177 sd

189 4208 319 4256 edidistis
332 4207 502 4271 caritpcstn'bus
514 4204 660 4262 vicmvtde
705 4207 749 4256 Sil.
774 4208 799 4266 l,
822 4207 880 4256 358.
901 4233 933 4243 -
954 4204 1073 4272 Dissipati
1084 4205 1211 4268 procella,

153 4285 661 4349 adxxxvt‚10.n.3.ttoxquumsut»
705 4302 778 4351 quum
796 4297 915 4351 tanquam
934 4301 966 4334 cr
982 4283 1125 4351 naufragio,
1139 4282 1213 4346 pleri-

153 4366 188 4410 irc
199 4364 428 4411 Bastamoetoellent
444 4381 491 4430 pro
509 4380 557 4427 quo
574 4364 616 4412 ubi
626 4365 661 4412 ite
705 4382 752 4429 que
761 4365 895 4413 semiermes
911 4359 936 4412 in
949 4377 1070 4414 castra...
1090 4361 1213 4412 redissent.

155 4446 183 4492 lt.
195 4462 220 4492 v.
231 4445 296 4505 conj.
308 4445 384 4491 Gron.
705 4445 892 4509 corruptissime
909 4443 1038 4495 exhibebat
1047 4440 1086 4489 ed.
1097 4440 1212 4506 Mogunt.
