2722 5040
181 799 248 897 572
606 803 643 869 r.
670 803 804 870 mvn
1094 779 1214 891 attat

177 895 263 994 dani
277 922 545 1020 compelluntur
558 923 595 992 in
611 920 760 1008 urbem,
776 946 857 1018 quae
872 918 946 991 sere
960 918 1151 991 duodecim
1166 920 1241 989 mil-

179 1031 225 1103 lia
242 1030 289 1102 ab
308 1034 430 1105 castris
448 1035 699 1119 Bastarnarum
719 1030 851 1103 aberat.
868 1030 1032 1102 Victores
1050 1027 1240 1102 confestim

179 1141 439 1215 circumsidunt
451 1138 711 1231 urbem⁸,haud
724 1140 834 1213 dubie
841 1155 986 1241 postero
998 1140 1057 1213 die
1069 1154 1132 1239 aut
1139 1153 1239 1212 metu

178 1251 352 1324 dedituris
364 1276 402 1324 se
415 1249 601 1338 hostibus,
612 1267 674 1323 aut
685 1252 719 1322 vi
732 1252 980 1351 expugnaturi.
995 1251 1143 1322 Interim
1155 1253 1240 1321 Dar·

178 1362 357 1434 danorum
371 1364 482 1435 altera
495 1387 641 1449 manus,
657 1386 738 1460 quae
750 1360 996 1434 circumducta
1008 1375 1103 1446 erat,
1118 1361 1240 1459 ignara

177 1471 287 1544 cladis
298 1496 462 1556 suorum,
476 1486 590 1543 castra
600 1479 849 1544 Bastarnarum
859 1472 935 1542 sine
944 1469 1109 1569 prasidio
1118 1470 1240 1542 relicta

178 1579 281 1668 [nullo
293 1582 424 1670 negotio
436 1583 531 1669 cepit.
540 1585 708 1664 bastarnae,
716 1583 807 1645 omni
815 1597 848 1645 et
855 1598 1038 1645 commeatu
1047 1596 1080 1645 et
1088 1596 1240 1669 apparatu

177 1679 312 1759 bellico,
328 1682 385 1769 qui
408 1683 442 1745 in
460 1684 569 1746 castris
588 1674 708 1763 fuerat,
727 1683 848 1763 exsuti,
866 1704 969 1769 quum
988 1681 1055 1761 ejus
1071 1681 1239 1770 reparandi

178 1780 308 1845 facultas
328 1804 366 1845 ex
384 1783 493 1846 hostili
514 1786 663 1874 regione,
681 1800 714 1848 et
735 1783 855 1849 infesto
871 1798 1017 1871 tempore
1037 1783 1133 1863 anni,
1153 1783 1240 1875 nulla

176 1898 277 1961 esset,
300 1883 416 1971 patrias
440 1884 530 1948 sedes
550 1902 695 1975 repetere
717 1901 910 1950 statuerunt.
930 1884 1044 1971 ltaque
1064 1881 1105 1946 ad
1121 1884 1239 1947 Istrum

177 1984 329 2072 regressi,
356 2009 423 2050 non
449 1987 518 2050 sine
540 1988 663 2077 ingenti
686 1987 793 2051 laetitia
818 1984 937 2050 llumen
966 1987 1028 2050 alta
1051 2001 1240 2049 concretum

177 2085 277 2174 glacie
299 2086 524 2169 offenderunt,
548 2111 620 2177 quae
644 2088 769 2153 nullum
787 2111 871 2152 onus
893 2109 1040 2150 recusare
1066 2085 1240 2149 videretur.

178 2185 301 2250 Verum
323 2188 533 2253 incumbente
549 2189 771 2254 festinantium
788 2211 888 2277 seque
906 2211 1004 2251 cursu
1020 2188 1239 2277 agglomeran-

177 2285 259 2350 tium
277 2287 448 2352 hominum
465 2313 502 2353 ac
517 2290 742 2369 jumentorum
759 2306 828 2354 toto
845 2289 942 2353 simul
957 2289 1103 2376 agmine,
1126 2287 1239 2376 glacies

177 2386 238 2449 sub
255 2387 413 2453 immenso
426 2389 571 2478 pondere
586 2389 736 2454 fatiscens
750 2391 859 2454 subito
875 2389 1024 2471 dissiluit,
1037 2389 1240 2454 universum·

176 2510 240 2576 que
256 2513 390 2578 agmen,
409 2490 497 2580 quod
517 2491 574 2556 diu
592 2492 804 2573 sustinuerat,
819 2491 933 2556 mediis
946 2491 1143 2580 gurgitibus,
1159 2491 1239 2556 victa

179 2589 308 2654 tandem
328 2609 360 2655 et
380 2595 596 2674 comminuta,
613 2592 766 2657 destituit.
785 2593 919 2657 Plurimi
939 2593 1046 2656 statim
1063 2591 1239 2656 vorticibus

177 2690 284 2754 hausti
305 2710 391 2756 sunt.
409 2696 529 2759 Multos
546 2713 674 2760 enatare
697 2713 850 2760 conantes
867 2710 981 2758 crustae
997 2693 1160 2758 dissolutae
1177 2695 1240 2757 fra·

177 2793 286 2880 gmina
305 2795 534 2882 superinducta
551 2813 743 2861 merserunt.
764 2797 859 2861 Pauci
880 2820 919 2861 ex
938 2796 1028 2861 omni
1047 2796 1169 2883 populo
1183 2818 1240 2883 per

179 2908 352 2982 utramque
368 2897 469 2985 ripam
488 2899 540 2961 vix
556 2899 693 2962 concisis
711 2899 886 2964 visceribus
907 2913 1085 2963 evaserunt.

220 2996 381 3085 (XXIV).
392 3000 652 3087 Pereatempom
661 3000 852 3080 Antiochus,
863 2999 1067 3064 lll.Antiochi
1078 2996 1173 3078 filius,
1183 2998 1239 3086 qui

175 3096 232 3161 diu
242 3100 352 3162 Ilomae
362 3100 455 3164 obses
467 3101 581 3182 fuerat,
592 3117 722 3164 mortuo
733 3101 865 3164 Seleuco
876 3101 984 3180 fratre,
993 3097 1092 3186 Syrias
1102 3120 1239 3186 regnum

177 3202 356 3288 occupavit.
380 3203 528 3290 Namque
544 3204 711 3281 Seleucus,
731 3220 827 3288 quem
844 3201 1049 3289 Philopatora
1065 3198 1168 3263 Graeci
1184 3222 1240 3260 vo-

177 3324 304 3381 cavere,
315 3327 418 3391 quum
433 3305 573 3392 paternis
585 3303 726 3367 cladibus
739 3304 852 3365 hactus
861 3301 1038 3365 admodum
1051 3298 1149 3387 Syriae
1160 3321 1238 3387 opes

178 3403 365 3490 accepisset,
384 3421 458 3492 post
480 3407 621 3470 otiosum
644 3405 806 3491 nullisque
821 3402 998 3468 admodum
1024 3402 1120 3466 rebus
1143 3401 1238 3489 gestis

177 3503 381 3570 nobilitatum
404 3531 565 3571 annorum
591 3506 761 3570 duodecim
790 3528 942 3595 regnum,
966 3505 1056 3568 hunc
1080 3502 1238 3566 minorem

177 3620 256 3669 natu
281 3607 427 3689 fratrem,
451 3610 549 3673 misso
572 3610 707 3672 Ronmm
730 3609 763 3671 in
785 3608 852 3687 ejus
879 3608 986 3671 locum
1012 3604 1078 3668 lilio
1096 3627 1156 3672 suo
1172 3605 1238 3667 De·

177 3709 493 3790 metrio,revocavit,
505 3734 544 3775 ex
556 3709 681 3775 foederis
695 3711 833 3798 legibus,
848 3733 916 3796 quo
931 3707 1047 3771 mutari
1062 3703 1238 3769 identidem

177 3805 305 3872 obsides
328 3811 507 3898 oportebat.
525 3813 587 3874 Vix
605 3812 657 3874 ille
676 3811 817 3875 Athenas
836 3824 1041 3898 pervenerat,
1059 3829 1163 3895 quum
1180 3805 1238 3870 Se·

176 3907 287 3971 leucus
310 3911 433 3976 insidiis
454 3913 637 3993 Heliodori,
660 3913 755 3977 unius
779 3935 817 3975 ex
841 3911 1045 3998 purpuratis,
1066 3928 1239 3996 oppressus

178 4008 309 4073 interiit.
330 4015 426 4078 Hunc
443 4037 580 4104 regnum
598 4013 799 4077 affectantem
816 4013 977 4075 Eumenes
992 4026 1025 4074 et
1041 4008 1165 4075 Attalus
1183 4029 1238 4070 cx·

178 4110 345 4198 pulcrum,
361 4114 624 4204 induxeruntque
639 4117 669 4178 in
689 4115 756 4194 ejus
772 4113 1006 4202 possessionem
1022 4108 1238 4184 Antiochum,

178 4236 274 4299 quern
285 4214 344 4276 sibi
357 4214 419 4278 hoc
430 4233 518 4281 tanto
530 4217 687 4281 beneficio
705 4205 888 4280 devinctum
904 4214 1021 4276 habere
1034 4211 1141 4299 niagni
1154 4209 1238 4272 aesti-

213 4438 237 4482 8.
256 4434 433 4485 Cirrnrnsidunt
454 4437 555 4492 urbem
574 4435 683 4485 Clericus
728 4436 837 4500 exempla
850 4452 903 4498 quae
913 4434 1017 4498 probant
1029 4432 1128 4480 verbum
1137 4432 1242 4478 circum·

179 4512 357 4563 circumsident.
374 4513 450 4563 Drah.
464 4530 521 4562 vero
534 4513 603 4578 plura
614 4515 683 4562 allent
726 4515 780 4564 sido
789 4515 859 4563 Livio
869 4530 919 4562 esse
934 4513 1092 4577 frequentius.
1104 4513 1150 4560 En.
