2722 5040
166 408 191 467 ,ξ

116 840 146 939 lt
156 837 243 956 8:351:
293 861 383 927 mr.
411 861 487 928 ιιι.
515 861 618 929 cte
647 861 784 927 xxxi
812 861 967 928 xxxu.
1085 864 1151 975 ιιι

93 1005 172 1079 quae
199 1004 283 1079 pars
306 983 459 1051 maxime
489 1005 510 1051 a
542 979 786 1079 pugnantibus
811 983 970 1079 conspici
994 999 1155 1081 poterat,

92 1090 213 1187 injecit
231 1089 363 1160 Acilius
380 1090 510 1187 ignem.

138 1202 285 1271 XXXII.
304 1201 480 1271 Postremi
503 1198 786 1286 Celtiberorum,
803 1202 867 1296 qui
885 1203 923 1270 in
941 1204 1014 1274 acie
1033 1223 1154 1292 erant,

92 1309 198 1406 primi
216 1306 396 1379 flammam
418 1333 645 1407 conspexere.
670 1309 809 1380 Deinde
828 1335 894 1409 per
912 1328 1022 1384 totam
1043 1318 1155 1389 aciem

92 1418 276 1517 vulgatum
286 1434 355 1504 est,
371 1435 483 1490 castra
495 1421 621 1489 amissa
633 1435 773 1508 esse‚et
789 1434 989 1520 tumquum
1001 1430 1153 1500 maxime

92 1528 216 1600 ardere
230 1541 261 1614 ¹3
279 1529 376 1600 unde
393 1529 464 1599 illis
481 1544 615 1618 terror,
635 1528 718 1600 inde
736 1535 905 1604 Romanis
922 1536 1061 1608 animus
1077 1563 1154 1608 cre-

92 1640 248 1743 vitlem
271 1639 405 1711 clamor
427 1664 575 1710 suorum
599 1640 819 1710 vincentium
841 1643 1061 1730 accidebat²‚
1082 1649 1156 1743 jam

92 1750 249 1821 ardentia
266 1749 423 1821 hostium
442 1765 554 1821 castra
573 1748 802 1847 apparebant..
822 1751 992 1824 Celtiberi
1013 1758 1156 1853 parum-

92 1883 154 1958 per
167 1861 313 1932 incertis
330 1860 456 1931 animis
472 1858 633 1931 fluctuati
643 1875 736 1930 sunt.
752 1863 948 1950 Caeterum,
965 1882 1156 1964 postquam

92 1987 256 2070 receptus
275 1971 386 2069 pulsis
402 1970 522 2042 nullus
540 1979 635 2058 erat,
658 1996 723 2041 nec
744 1996 916 2067 usquam,
937 1977 1004 2044 nisi
1023 1979 1059 2046 in
1078 2004 1153 2050 cer·

92 2082 240 2167 tamine,
266 2104 368 2179 spes,
397 2081 612 2179 pertinacius
639 2081 683 2152 de
711 2083 850 2178 integro
875 2100 1065 2181 capessunt
1091 2115 1156 2185 pu-

91 2215 206 2287 gnam.
222 2191 306 2262 Acie
322 2190 438 2262 media
454 2191 677 2289 urgebantur
690 2193 817 2263 acriter
829 2219 849 2263 a
862 2195 988 2298 quinta
1002 2196 1152 2294 legione.

91 2300 271 2373 Adversus
296 2300 422 2370 laevum
446 2327 581 2389 cornu,
606 2304 643 2371 in
668 2327 743 2398 quo
770 2303 825 2372 sui
846 2305 985 2398 generis
1008 2309 1156 2402 provin-

92 2410 191 2483 cialia
222 2410 351 2482 auxilia
381 2413 589 2481 instruxisse
619 2416 800 2481 Romanos
827 2410 1043 2502 cernebant,
1072 2441 1155 2487 cum

91 2522 225 2617 majore
250 2519 383 2592 fiducia
406 2519 606 2592 intulerunt
632 2524 740 2617 signa.
768 2526 844 2591 Jam
868 2546 982 2621 prope
1004 2542 1097 2614 erat,
1115 2546 1156 2600 ut

91 2633 273 2704 sinistrum
292 2655 405 2702 cornu
427 2631 621 2728 pelleretur
634 2634 822 2715 Romanis,
839 2633 877 2701 ni
898 2636 1047 2731 septima
1062 2637 1155 2735 legio

91 2744 333 2814 successisset:
350 2739 454 2811 simul
478 2739 522 2811 ab
541 2739 676 2837 oppido
691 2738 842 2823 AEbura‚
860 2743 974 2837 quiin
991 2746 1154 2841 praesidio

90 2852 203 2923 relicti
226 2866 346 2939 erant,
363 2852 401 2919 in
421 2848 542 2920 medio
563 2848 690 2919 ardore
711 2874 840 2946 puguae
858 2851 1100 2944 advenerunt,
1119 2872 1155 2928 et

90 2962 221 3033 Acilius
237 2960 282 3031 ab
300 2976 400 3057 tergo
416 2976 501 3031 erat.
518 2961 590 3031 Diu
604 2961 640 3031 in
655 2958 775 3029 medio
790 2962 868 3030 cresi
885 2962 1073 3052 Celtiberi,
1089 2970 1152 3063 qui

90 3086 316 3170 supereraut,
333 3073 370 3140 in
392 3095 517 3141 omnes
535 3071 664 3169 passim
684 3086 803 3167 partes
817 3089 1007 3169 capessunt
1019 3069 1150 3171 lugani.

90 3184 252 3279 Equites,
267 3181 436 3280 bipartito
454 3183 491 3250 in
512 3205 573 3252 eos
586 3176 738 3267 emissi³‚
760 3204 923 3275 magnam
939 3181 1069 3252 caedem
1082 3186 1152 3255 edi·

90 3291 185 3363 dere.
202 3290 257 3364 Ad
273 3293 397 3388 viginti
411 3293 477 3361 tria
496 3290 604 3361 millia
624 3289 782 3359 hostium
798 3286 913 3359 eodie
927 3314 1033 3378 caesa;
1048 3309 1151 3391 capta

90 3419 245 3499 quatuor
263 3402 374 3472 millia
395 3417 431 3471 et
450 3401 682 3498 septingenti,
703 3423 784 3469 cum
809 3401 911 3494 equis
937 3400 1017 3497 plus
1043 3406 1150 3498 quin·

87 3515 223 3610 gentis,
241 3529 278 3585 et
297 3515 396 3610 sigua
413 3512 576 3581 militaria
594 3511 777 3606 octogiuta
793 3524 885 3579 octo.
902 3514 1030 3608 Magna
1045 3515 1152 3585 victo

87 3625 158 3712 ria,
179 3648 254 3693 nou
273 3637 391 3692 tamen
409 3625 595 3692 incruenta
613 3618 690 3690 fuit.
711 3620 861 3690 Romani
877 3619 922 3689 de
942 3620 1082 3694 duabus
1101 3623 1150 3694 le·

88 3731 256 3829 gionibus
283 3733 412 3802 milites
441 3731 549 3829 paulo
576 3729 657 3828 plus
688 3727 855 3814 ducenti,
885 3731 1022 3799 socium
1051 3730 1149 3804 latini

88 3844 244 3914 nominis
265 3843 461 3938 octingenti
486 3841 648 3936 triginta,
675 3854 904 3908 externorum
928 3839 1148 3915 auxiliarium

88 3951 161 4024 duo
185 3951 296 4021 millia
320 3949 431 4021 ferme
455 3966 489 4021 et
512 3948 762 4061 quadringenti
779 3947 996 4019 ceciderunt.
1017 3955 1150 4024 Praetor

121 4198 183 4247 Cn.
195 4196 306 4244 XXXII.
324 4210 345 4240 ι.
359 4197 501 4257 Tamquam
514 4192 594 4238 maxi·
638 4190 736 4238 vidend
749 4193 789 4247 11,
803 4194 850 4251 56,
862 4208 886 4241 u.
900 4208 919 4238 1.
931 4194 993 4240 Mox
1004 4209 1077 4259 capta
1091 4217 1150 4261 qua.

88 4292 124 4322 nte
135 4275 240 4330 ardere,·
250 4273 306 4321 ride
321 4272 353 4320 ad
362 4275 466 4331 xm,
478 4288 518 4331 ιι,
533 4288 557 4316 n.
570 4273 594 4318 6.
639 4282 694 4317 tuor
701 4269 778 4317 millia
788 4271 886 4318 ducenti
894 4288 946 4317 cum
957 4274 1075 4336 equitibus
1080 4281 1149 4340 quin·

122 4372 147 4403 a.
159 4355 196 4404 CI.
207 4370 306 4401 suorum
319 4352 464 4407 recidebam
477 4366 522 4414 pro
533 4348 596 4395 acci·
636 4349 715 4412 geneis
727 4350 782 4397 cod.
795 4351 908 4414 Mogunt.
927 4352 974 4398 Sed
987 4352 1099 4401 librarius
1117 4372 1146 4401 cc

89 4431 596 4498 debuomunpenecoddmabentaccen-
640 4444 686 4490 pro
712 4445 767 4476 mcc
791 4429 886 4477 dedisse
904 4429 1015 4488 ridetur,
1036 4443 1059 4479 et
1082 4448 1146 4494 erepc

88 4512 241 4568 debauvide
252 4512 283 4560 ad
295 4514 372 4570 xxi,
386 4527 428 4568 ιο,
441 4527 467 4557 ιι.
482 4508 520 4555 15.
539 4509 583 4554 En.
641 4510 711 4571 equi,
724 4523 847 4570 nunquam
864 4507 956 4569 equites
975 4510 1040 4572 capti
1056 4526 1147 4557 mmo.

125 4592 147 4638 3.
160 4591 261 4656 Equites
276 4590 391 4655 bipareim
409 4590 433 4638 r'n
449 4605 489 4637 eor
502 4586 596 4641 emissr'‚·
642 4597 737 4644 rantum
750 4585 823 4631 Diali.

222 4682 303 4747 VII.
963 4673 1001 4737 151
