2722 5040
207 675 274 745 ψ
628 651 667 717 Τ.
699 650 836 719 mvn
1122 634 1243 738 atat:

203 785 339 857 essent,
354 769 562 841 concideret
574 784 834 866 cremaretque.
850 767 1035 841 Profectus
1047 767 1093 840 ab
1107 771 1268 869 Epheso,

202 881 467 979 quinquaginta
480 893 591 950 tectas
607 890 737 951 naves²
752 893 815 949 aut
831 878 1004 965 concidit,
1019 893 1082 949 aut
1094 880 1266 952 incendit.

202 993 413 1062 Telmissum
427 989 553 1075 eadem
567 987 814 1086 expeditione,
826 989 961 1060 territis
975 987 1096 1060 subito
1108 990 1267 1062 adventu
1302 982 1305 987 ’

201 1101 321 1172 classis
340 1099 551 1196 oppidanis,
569 1100 716 1196 recepit.
752 1103 804 1168 Ex
823 1100 930 1196 Lycia
946 1114 1140 1196 protenus,
1159 1101 1267 1194 jussis

200 1207 247 1279 ab
265 1208 407 1306 Epheso
426 1209 548 1303 sequi,
569 1209 633 1304 qui
653 1206 704 1278 ibi
721 1209 834 1278 relicti
851 1223 970 1293 erant,
994 1234 1059 1307 per
1078 1211 1209 1283 insulas
1228 1214 1266 1281 in

105 1392 108 1405 ,
200 1321 372 1391 Graeciam
393 1319 538 1412 trajecit.
556 1316 705 1388 Athenis
725 1343 861 1415 paucos
883 1332 1042 1389 moratus
1062 1319 1158 1407 dies,
1177 1320 1265 1390 dum

200 1431 368 1501 Piraeeum
386 1427 431 1499 ab
450 1428 594 1526 Epheso
612 1452 719 1498 naves
738 1428 924 1515 venirent,
942 1441 1055 1498 totam
1074 1427 1160 1498 inde
1180 1429 1266 1499 clas·

199 1564 275 1610 sem
295 1541 333 1608 in
350 1539 487 1609 Italiam
508 1538 663 1609 reduxit.
690 1541 758 1608 Cn.
780 1536 936 1616 Manlius
957 1561 1071 1634 quum
1093 1538 1187 1607 inter
1201 1563 1264 1608 cae-

197 1662 294 1734 tera,
317 1673 396 1744 quae
417 1646 624 1744 accipienda
644 1645 690 1716 ab
709 1646 888 1717 Antiocho
909 1662 1032 1732 eraut,
1053 1646 1263 1744 elephantos

198 1782 346 1854 quoque
362 1758 573 1854 accepisset,
591 1755 764 1851 donoque
779 1757 932 1826 Eumeni
946 1781 1073 1828 omues
1087 1755 1260 1840 dedisset;

196 1866 327 1938 deinde
344 1891 468 1940 causas
482 1862 711 1954 civitatium³,
728 1867 851 1938 multis
868 1868 963 1938 inter
981 1892 1092 1938 novas
1112 1893 1170 1938 res
1188 1883 1261 1938 tur-

196 1976 309 2065 batis,
330 1979 511 2076 cognovit.
533 1982 577 2047 Et
593 1976 797 2047 Ariarathes
812 2002 897 2063 rex,
916 1991 1016 2076 parte
1036 1975 1182 2047 dimidia
1201 2002 1261 2074 pe·

196 2089 310 2158 cuniae
327 2091 527 2183 imperatae,
547 2088 717 2156 Eumenis
732 2085 931 2173 beneficio,
947 2088 1004 2157 cui
1020 2085 1258 2183 desponderat

198 2222 261 2294 per
275 2222 336 2268 eos
348 2198 423 2268 dies
437 2196 565 2285 filiam,
579 2197 742 2286 remissa,
756 2198 794 2267 in
808 2198 998 2268 amicitiam
1014 2209 1066 2267 est
1079 2211 1256 2294 acceptus.

195 2307 402 2376 Civitatium
423 2321 543 2376 autem
562 2307 715 2404 cognitis
734 2308 866 2393 causis,
886 2305 1010 2377 decem
1030 2305 1136 2401 legati
1155 2307 1256 2378 aliam

184 2416 343 2492 ,aliarum
361 2413 527 2486 lecerunt
546 2415 804 2486 conditionem.
826 2419 914 2506 Quae
932 2415 1170 2512 stipendiariae
1184 2417 1258 2512 regi

194 2525 373 2596 Antiocho
395 2522 555 2607 fuerant,
574 2539 609 2596 et
629 2549 710 2595 cum
729 2525 867 2623 populo
887 2550 1038 2595 romano
1052 2540 1255 2612 senserant,

193 2635 235 2704 iis
247 2636 509 2704 immunitatem
522 2631 721 2704 dederunt:
737 2660 816 2730 quae
831 2635 987 2731 partium
1001 2632 1169 2704 Antiochi
1183 2635 1257 2704 fue-

191 2758 292 2828 rant,
306 2756 370 2812 aut
382 2742 620 2839 stipendiariae
635 2744 742 2815 Attali
755 2746 869 2842 regis,
886 2769 946 2816 eas
965 2768 1091 2816 omnes
1105 2745 1254 2841 vectigal

193 2852 353 2951 pendere
379 2856 530 2923 Eumeni
550 2853 743 2947 jusserunt.
761 2855 981 2926 Nominatim
999 2867 1169 2950 practerea
1187 2860 1254 2925 Co·

193 2963 393 3061 lophouiis,
411 2963 474 3058 qui
494 2964 530 3032 iu
549 2965 681 3033 Notiol
699 2963 882 3049 habitant,
902 2979 937 3035 et
956 2965 1105 3060 Cymaeis
1123 2979 1159 3035 et
1175 2968 1252 3058 My·

192 3074 321 3145 lasenis
330 3073 592 3144 immunitatem
604 3088 871 3146 concesserunt.
885 3075 1133 3161 Clazomeniis,
1144 3098 1254 3172 super

227 3284 251 3315 a.
270 3269 353 3314 Testes
371 3282 443 3312 naves
450 3284 460 3322 ,·
479 3266 536 3313 vide
557 3265 588 3313 ad
608 3254 698 3325 XXII,
743 3266 923 3322 erlassemvid.
937 3268 976 3327 11,
990 3268 1038 3327 35,
1051 3265 1120 3324 ιι.5,
1134 3278 1159 3314 et
1171 3266 1251 3331 intpp.

193 3363 239 3409 ις,
255 3362 280 3394 ιι.
298 3353 322 3399 A.
336 3371 370 3381 -
385 3343 537 3402 Telmissum,
552 3345 582 3392 al.
599 3345 699 3391 Telmes-
742 3345 850 3402 Justini,
863 3348 890 3405 Ι,
905 3362 936 3408 9,
951 3361 991 3394 ra.

189 3442 242 3471 sum
248 3443 259 3481 ,·
271 3425 327 3472 vide
340 3422 370 3470 sd
385 3425 525 3484 XXXVII,
542 3425 588 3483 ¹6,
601 3440 626 3470 ιι.
638 3424 662 3470 5.
778 3431 802 3477 t.
817 3423 986 3487 Colophoniis,
999 3423 1042 3487 qui
1051 3423 1076 3471 in
1087 3423 1174 3481 Notio,
1183 3426 1251 3474 Notii

225 3506 248 3552 3.
263 3502 357 3550 Deinde
371 3518 459 3549 cneesas
473 3500 604 3549 civitatium
618 3504 697 3562 Asiae,
741 3501 788 3567 (ut
811 3502 836 3549 iu
856 3504 958 3549 Lavinio
971 3505 1002 3561 V,
1023 3504 1071 3564 52,
1089 3519 1115 3553 u.
1139 3506 1168 3564 5,
1184 3517 1211 3553 et
1225 3505 1249 3553 in

189 3583 269 3631 inultis
278 3582 341 3629 inter
351 3597 425 3628 novas
436 3597 474 3629 res
488 3581 563 3645 (vide
572 3581 604 3629 ad
614 3584 639 3638 I,
649 3583 695 3637 52,
740 3581 896 3629 Alexandria
912 3583 994 3639 XLII,
1011 3582 1057 3641 26,
1074 3597 1100 3628 n.
1120 3583 1205 3641 t,uhi
1218 3584 1250 3634 ci.

187 3678 213 3708 ιι.
227 3678 237 3708 ι
250 3660 385 3726 )turbatis,
396 3659 507 3724 coguovit
518 3663 631 3723 Apameae
640 3676 697 3708 cum
740 3659 832 3723 Dralr.)
846 3659 975 3715 habitatin
990 3661 1047 3707 vide
1066 3661 1098 3708 ad
1111 3664 1249 3719 XXXVII,

188 3739 270 3786 decem
287 3737 372 3802 legatis
388 3740 466 3785 Itoana
485 3740 578 3798 missit,
596 3740 695 3787 vidend
740 3741 788 3797 26,
808 3756 834 3788 n.
860 3742 883 3788 3.
901 3767 936 3776 —
949 3739 1079 3802 Mylasenis
1102 3757 1133 3788 ex
1154 3740 1248 3790 emend.

188 3820 328 3874 XXXVII,
349 3819 398 3874 55,
418 3829 443 3865 et
463 3820 528 3867 conf.
548 3819 580 3867 sd
598 3820 651 3867 haec
672 3830 697 3866 et
741 3819 795 3864 VV.
810 3820 864 3866 DI).
884 3818 1020 3874 Milesenis,
1036 3818 1184 3877 Millesenis,
1201 3821 1248 3868 Mi-

187 3912 255 3961 eeqq.
271 3896 359 3960 Polyb.
377 3898 469 3953 XXII,
482 3912 524 3956 η,
546 3909 570 3944 et
588 3900 695 3962 Appian.
741 3899 803 3945 Itsiis
819 3897 892 3962 (hod.
907 3897 987 3945 Messi.
1003 3899 1048 3944 En.
1058 3901 1082 3963 ),
1100 3899 1249 3963 Milleplsenis

187 3978 242 4039 Syr.
257 3982 299 4030 td.
312 4001 348 4011 -
362 3974 474 4020 Pecnuioe
488 3975 632 4037 imperant,-
644 3976 695 4024 vid.
739 3974 804 4027 MSS
816 3989 840 4025 et
849 3975 905 4025 edd.
913 3988 971 4025 vett.
982 3977 1058 4025 Curiae
1067 3979 1126 4025 urbs
1137 3990 1161 4025 et
1170 3980 1248 4042 regis,

186 4069 241 4118 cap.
261 4054 302 4112 37.
320 4080 355 4088 -
373 4052 486 4100 Eumenis
509 4054 637 4122 besiqicio,
656 4056 697 4102 cui
739 4057 849 4108 Μύλασα
868 4057 959 4105 dicitur
984 4059 1084 4105 Pausian.
1097 4059 1170 4116 VIII,
1200 4076 1246 4116 ιο,

187 4131 338 4191 Ariarathes,
350 4148 393 4178 rex
406 4131 583 4195 Cappadocia,
594 4133 696 4198 despon-
740 4137 824 4201 Steph.
836 4149 859 4185 et
869 4137 930 4185 Pliu.
939 4139 971 4195 V,
981 4152 1025 4200 29.
1036 4138 1163 4188 Μύλασσα
1169 4136 1247 4188 strab.

187 4210 348 4278 demtfiliem
359 4208 523 4259 Stratonicen.
537 4212 608 4260 Cous.
619 4214 696 4271 XLII,
739 4217 810 4275 XIV,
821 4233 877 4281 pag.
895 4217 944 4264 658
961 4232 997 4278 sq.
1016 4217 1079 4274 6853
1099 4217 1163 4265 Ptol.
1175 4220 1206 4275 V,
1218 4235 1246 4276 ις

192 4291 236 4351 ι6,
253 4286 484 4352 2938tmb.1t111,
502 4290 565 4348 6243
586 4290 649 4340 Plus.
664 4292 695 4340 de
739 4295 813 4342 Dioni
838 4298 885 4353 48,
905 4295 970 4343 uude
991 4297 1117 4355 Μυλασιῖς
1128 4296 1246 4362 Polybio,

187 4370 244 4418 Iret.
255 4386 303 4418 am.
318 4384 375 4431 pag.
388 4368 590 4431 489.-·Ilemisso
601 4405 608 4422 .
621 4386 694 4432 germ.
738 4375 814 4430 XVI,
834 4382 882 4434 at,
894 4374 909 4438 S
920 4377 952 4435 6,
971 4388 995 4425 et
1013 4393 1039 4422 ru
1059 4377 1165 4424 nummis
1179 4377 1244 4441 apud
