2722 5040
203 789 272 862 580
627 791 666 857 T.
700 788 841 860 LlVll

200 917 320 1012 tlsque
341 910 549 999 constabat,
566 935 633 983 nec
655 910 737 998 illo,
757 934 825 981 nec
843 911 963 1008 priore
981 934 1097 1000 anno,
1118 915 1270 986 intanta

200 1038 319 1122 strage
339 1021 454 1095 boum
475 1022 739 1119 hominumque
754 1021 950 1092 vulturium
971 1047 1123 1119 usquam
1140 1027 1267 1096 visum.

197 1133 411 1207 Sacerdotes
424 1132 562 1231 publici
576 1157 618 1204 ea
632 1131 838 1230 pestilentia
852 1133 988 1202 mortui
1002 1147 1104 1220 sunt,
1114 1137 1181 1206 Gn.
1195 1139 1272 1206 Ser·

197 1246 304 1316 vilius
322 1245 445 1342 Caepio
463 1240 645 1340 pontifex,
666 1257 768 1339 pater
784 1243 966 1340 praetoris,
983 1258 1020 1314 et
1037 1245 1088 1314 Ti.
1105 1248 1271 1343 Sempro

199 1357 282 1426 nius
301 1357 352 1426 Ti.
379 1360 414 1425 F.
439 1358 585 1451 Longus
612 1352 794 1425 decemvir
812 1377 1017 1440 sacrorum,
1043 1369 1080 1425 et
1103 1360 1140 1427 P.
1161 1358 1270 1428 AElius

199 1473 315 1538 ratus
334 1490 470 1564 augur,
486 1479 523 1536 et
537 1465 590 1535 Ti.
609 1466 846 1559 Sempronius
866 1462 1069 1548 Gracchus,
1088 1480 1124 1535 et
1139 1469 1178 1536 C.
1195 1469 1270 1537 Ma·

197 1575 317 1646 milius
331 1575 476 1645 Vitulus
490 1575 592 1645 curio
607 1573 807 1660 maximus,
828 1588 864 1644 et
878 1576 926 1642 Μ.
949 1577 1186 1670 Sempronius
1198 1582 1268 1648 Tu-

196 1686 343 1757 ditanus
356 1681 530 1783 pontifex.
550 1680 742 1754 Pontifices
756 1681 899 1753 suffecti
914 1697 1017 1767 sunt,
1033 1687 1073 1754 G.
1090 1686 1269 1784 Sulpicius

196 1792 313 1864 Galba
331 1794 369 1862 in
391 1791 514 1862 locum
530 1790 734 1862 Tuditanir.
759 1797 924 1889 Augures
948 1790 1089 1864 suffecti
1108 1812 1213 1883 sunt,
1230 1800 1267 1868 in

196 1903 351 1974 Gracchi
374 1902 494 1973 locum
516 1907 555 1972 T.
572 1903 743 1973 Veturius
766 1900 951 1973 Gracchus
968 1905 1267 2000 Sempronianus,

195 2017 234 2084 in
248 2018 286 2084 P.
302 2012 380 2085 AElii
394 2017 438 2104 Q.
447 2011 558 2083 AElius
572 2016 701 2083 Paetus.
714 2012 905 2082 Decemvir
918 2035 1102 2083 sacrorum
1117 2019 1156 2086 C.
1174 2020 1268 2086 Sern-

195 2126 348 2224 pronius
369 2128 533 2220 LonguS,
554 2124 658 2193 curio
677 2122 855 2192 maximus
873 2125 912 2193 C.
929 2121 1138 2195 Scribonius
1156 2127 1267 2198 Curio

195 2232 383 2306 sufficitur.
406 2234 530 2321 Quum
553 2231 766 2329 pestilentiae
787 2230 870 2303 finis
889 2257 965 2302 non
981 2230 1105 2323 fieret,
1122 2252 1268 2309 senatus

195 2343 378 2429 decrevit,
403 2343 458 2413 uti
479 2341 671 2413 decemviri
692 2338 805 2411 libros
825 2339 1021 2436 Sibyllinos
1039 2341 1191 2415 adirent.
1216 2350 1267 2416 Es

89 2479 96 2491 ·
195 2454 344 2525 decreto
355 2475 482 2523 eorum
493 2450 590 2522 diem
598 2474 713 2521 unum
725 2449 940 2548 supplicatio
952 2450 1038 2539 fuit;
1052 2467 1106 2540 et,
1120 2456 1164 2544 Q.
1175 2460 1267 2526 Mar·

196 2565 254 2635 cio
271 2563 440 2660 Philippo
448 2556 590 2631 ⁸2verba
601 2574 806 2657 praeeunte,
821 2560 980 2658 populus
995 2564 1032 2632 in
1046 2560 1128 2633 foro
1140 2580 1266 2636 votum

196 2668 387 2770 concepit:
414 2674 455 2742 Si
465 2670 613 2740 morbus
624 2669 909 2768 pestilentiaque
930 2696 979 2741 ex
1003 2697 1092 2768 agro
1112 2699 1266 2746 romano

196 2800 316 2856 eurota
327 2797 435 2867 esset,
456 2780 608 2850 biduum
611 2783 733 2870 ferias
747 2806 791 2852 ac
803 2781 1102 2879 supplicationem
1114 2810 1153 2857 se
1165 2786 1266 2857 habi·

233 3048 257 3092 ῃ.
268 3030 294 3078 C.
304 3027 424 3094 Suleiciur
436 3027 518 3076 Galba
527 3023 582 3095 „“”
593 3026 618 3073 iu
631 3028 709 3075 locum
755 3039 817 3076 usse
828 3029 924 3094 scripsit
937 3032 963 3078 T.
975 3032 1086 3081 Veturius
1097 3033 1212 3082 Gemiruu
1221 3038 1266 3082 S.1'

199 3109 333 3167 luditum}
344 3119 401 3173 post
414 3107 494 3154 Galia
504 3105 579 3156 nuk.
590 3103 711 3157 excidisse
792 3109 816 3155 8.
828 3108 857 3170 Q.
869 3111 904 3156 M.
914 3108 1026 3174 Philiepo
1036 3110 1173 3161 decemviro
1188 3130 1266 3163 sacro

195 3189 298 3256 pntsbst
313 3187 337 3236 iu
351 3188 431 3235 Iocum
448 3180 567 3251 Coepiour's
580 3196 604 3234 et
621 3200 712 3234 nomen
755 3186 1003 3250 rnm3videstL,
1017 3197 1059 3244 4²·
1071 3191 1213 3241 florentem
1226 3210 1265 3241 ss·

198 3269 287 3318 deinde
297 3268 396 3315 alterius
408 3264 552 3331 pontificis:
569 3264 644 3313 scribi
653 3280 712 3330 ergo
756 3265 867 3315 cerdotes
885 3267 911 3313 in
925 3269 989 3316 rotis
1006 3269 1174 3332 concipiendis
1192 3272 1264 3322 verbs

197 3348 290 3398 mavult
298 3346 397 3410 C.Sulp.
405 3345 487 3392 Galba
495 3344 520 3392 iu
530 3346 610 3393 locum
620 3344 712 3411 Caepio·
755 3345 893 3410 praeivisse,
907 3347 980 3395 docet
991 3346 1066 3395 Drsk.
1086 3348 1143 3397 coll.
1156 3352 1202 3413 IV,
1214 3368 1244 3400 sr
1256 3389 1265 3411 ,

196 3429 247 3485 nis,
258 3424 295 3449 Μ
305 3426 330 3474 in
342 3426 420 3473 locum
434 3422 626 3472 Tuditani-Iu
637 3424 712 3472 Grac.
755 3435 780 3473 er
789 3427 886 3484 XLIII,
899 3427 938 3476 13.
949 3427 1055 3476 Eosdem
1065 3444 1096 3477 ex
1105 3429 1175 3480 libris
1183 3433 1266 3482 lstali·

196 3507 327 3557 elu'lorum
341 3506 367 3553 T.
383 3503 495 3550 Veturius
511 3503 635 3551 Gracchus
646 3504 711 3550 Sem·
755 3503 801 3552 bus
814 3505 885 3553 etism
902 3507 1056 3571 precationes
1069 3519 1093 3557 et
1107 3512 1266 3576 snpplicatio·

193 3587 348 3653 pronianum
362 3581 507 3629 mendosum
526 3593 562 3630 est
574 3597 712 3646 cognomen
756 3599 798 3631 nes
810 3583 926 3645 edidisse,
938 3588 1034 3652 colligit
1044 3605 1076 3637 ex
1085 3589 1138 3638 hl.
1150 3602 1174 3640 er
1186 3594 1265 3651 XLII,

198 3662 337 3719 Gracchus,
357 3660 427 3725 qnod
448 3676 500 3709 non
510 3660 618 3710 Veturia
644 3660 711 3725 genti
756 3677 785 3721 s,
797 3662 841 3711 ubi
853 3665 907 3714 haec
917 3665 1031 3729 leguntur
1037 3685 1126 3730 parem
1135 3669 1206 3718 deum
1212 3674 1266 3736 peri

196 3741 312 3807 fnit,eed
322 3740 481 3805 Sempronia.
492 3739 529 3789 Ti.
539 3739 651 3788 Veturiru
660 3739 712 3789 Cal-
750 3741 947 3803 precationibus,
968 3761 1025 3809 quce
1040 3747 1113 3794 ediroe
1126 3762 1158 3795 ex
1170 3749 1265 3813 farali-

198 3824 265 3887 uiuus
281 3819 514 3869 Graecanicum
528 3819 624 3868 emend.
639 3817 709 3883 Pige.
754 3819 798 3868 bus
808 3820 875 3870 libris
891 3835 982 3881 esseut,
999 3835 1023 3872 et
1036 3824 1125 3874 deinde
1137 3828 1264 3894 sacrfica-

194 3900 256 3969 (vid.
266 3898 369 3965 Drsh.);
379 3899 465 3948 melius
478 3901 505 3946 T.
516 3897 627 3946 Veturius
640 3896 708 3944 Cras·
754 3908 805 3945 tum
816 3913 866 3958 err,
880 3902 1043 3951 urdecemvr'ri
1054 3904 1168 3970 seruitum
1181 3906 1264 3954 edide-

194 3999 234 4031 ιω
254 3983 277 4030 S.
297 3980 381 4043 Sigon.
402 3991 427 4028 et
448 3980 502 4027 Jsc.
521 3977 598 4026 Petis.
612 3974 706 4040 (modo
751 3989 816 4025 runt.
838 3981 902 4028 Hinc
916 3981 1042 4050 vulgatum
1062 3983 1098 4031 ibi
1118 3985 1263 4034 servendum

194 4069 332 4118 constaret,
346 4058 460 4106 Crassum
471 4056 545 4104 fuisse
561 4066 619 4102 tunc
632 4054 707 4101 usita-
750 4067 820 4120 purst
828 4093 835 4116 ,
844 4075 890 4106 uec
907 4060 953 4125 leg.
969 4077 1025 4110 cum
1038 4064 1117 4111 Gron.
1130 4063 1174 4128 qui
1184 4064 1262 4124 editi,

193 4151 245 4190 tum
260 4153 396 4202 cognomen
406 4131 598 4213 vannorum),
614 4132 707 4197 optime
750 4137 791 4185 eui
812 4138 892 4187 fuvere
910 4139 1010 4203 quidem
1026 4140 1088 4191 dicit
1105 4144 1177 4192 verbs
1192 4160 1263 4210 seqq.

196 4219 231 4269 Ti.
244 4217 356 4266 Veturius
368 4212 562 4264 Philostrati.
575 4212 706 4278 quisuspi-
749 4215 889 4281 editumque
905 4219 938 4266 ab
953 4219 1093 4268 decemviris
1110 4235 1158 4278 ese,
1178 4224 1264 4287 quibus

192 4310 275 4358 catur,
285 4312 341 4346 eum
352 4294 426 4342 luisse
437 4289 515 4339 filium
527 4291 567 4340 Ti.
581 4291 704 4352 Gracchi,
749 4294 796 4342 diis
813 4295 947 4362 quibusque
964 4297 1049 4347 hostiis
1067 4300 1261 4369 sacrificaretur,

190 4378 231 4425 rui
244 4379 270 4425 in
289 4371 427 4424 secerdotio
448 4370 605 4427 succuserir,
621 4381 646 4419 et
661 4369 705 4418 sd·
748 4373 883 4439 similisque
896 4376 951 4425 locs
964 4379 1170 4441 XXI361,XI.,
1183 4383 1263 4438 45,er

187 4468 298 4522 optatum
308 4447 472 4501 artvuurio
481 4446 598 4508 Philone,
609 4448 641 4496 de
650 4465 701 4514 qno
747 4451 807 4511 slis,
823 4470 874 4503 non
890 4472 949 4504 vero
963 4473 1048 4505 vocem
1060 4461 1259 4522 precationibru,

185 4536 241 4584 vide
260 4535 291 4583 ud
307 4530 410 4588 XXIX,
428 4528 470 4576 38.
492 4529 532 4578 An
548 4527 632 4577 Livius
650 4530 700 4577 for·
745 4547 800 4594 quse
813 4533 848 4580 sic
862 4550 1013 4599 supervseun
1024 4537 1064 4586 sit.
