2722 5040
164 664 231 736 aba
588 673 629 737 T.
662 664 803 740 LIVIl
1078 648 1142 751 lig}
1156 653 1203 753 {22}

158 818 176 852 a
190 787 344 861 urbibus
362 788 520 878 soleant,
540 804 757 888 negaturum
778 807 839 863 aut
858 816 917 862 rue
931 815 999 889 pro
1015 794 1064 861 Μ.
1083 790 1228 878 Fulvio,

158 926 176 962 «
191 912 253 969 aut
278 900 396 997 ipsum
414 902 462 970 Μ.
488 899 653 972 Fulvium
675 904 849 987 censetis,
867 908 990 974 Patres
1008 902 1230 998 conscripti?

158 1040 175 1074 a
189 1010 254 1106 qui
272 1010 322 1081 'ob
344 1010 408 1081 has
428 1034 486 1082 res
503 1023 618 1107 gestas
634 1011 860 1110 triumphurn
874 1037 894 1082 a
909 1009 1011 1082 vobis
1027 1009 1228 1108 postulatu·

157 1142 252 1191 «rus
274 1121 339 1208 sit,
362 1118 587 1192 Ambraciam
611 1135 775 1221 captam,
796 1125 988 1221 signaque,
1006 1146 1088 1220 quae
1109 1119 1238 1213 ablata⁴

154 1259 172 1295 α
186 1231 442 1318 criminantur,
456 1245 492 1303 et
505 1246 632 1304 caetera
646 1233 761 1332 spolia
775 1235 854 1330 ejus
868 1233 974 1305 urbis·
983 1247 1067 1304 ante
1080 1255 1231 1304 currum-

155 1340 342 1429 «laturus,
362 1356 399 1414 et
413 1342 554 1415 fixurus
567 1344 608 1414 in·
620 1343 787 1442 postibus
801 1346 874 1415 suis
882 1354 906 1413 ⁷.
921 1343 1020 1416 Nihil
1034 1357 1109 1430 est,
1124 1344 1230 1441 quod

155 1481 172 1515 ιι
188 1475 226 1522 se
256 1451 303 1522 ab
328 1453 452 1525 AE'tolis
480 1469 672 1552 separent:
697 1452 824 1527 eadem
853 1451 1162 1526 Ambraciensium
1190 1468 1228 1527 et

154 1589 172 1626 r
186 1562 387 1668 AEtolorum
403 1588 510 1635 causa
529 1580 592 1636 est.
612 1554 739 1663 ltaque
757 1565 898 1662 collega
913 1584 1017 1636 ruens
1031 1565 1091 1635 rel
1106 1565 1145 1635 in
1158 1564 1228 1636 alia

153 1701 171 1737 α
183 1696 290 1744 causa
308 1675 512 1745 inimicitias
533 1689 716 1761 exerceat,
734 1675 792 1746 vel
812 1677 842 1746 si
861 1677 899 1745 in
918 1674 987 1746 hac
1002 1676 1130 1771 utique
1151 1697 1226 1744 ma·

153 1783 286 1872 «vult,
319 1789 475 1857 retineat
506 1783 779 1856 Amhracienses
811 1781 928 1856 suos⁸
959 1787 998 1856 in
1028 1783 1224 1857 adventurn

153 1923 172 1960 α
183 1897 231 1966 Μ.
248 1896 373 1966 Fulvii.
388 1899 464 1993 Ego
477 1919 545 1968 nec
559 1895 605 1967 de
615 1894 948 1980 Ambraciensibus,
961 1918 1030 1967 nec
1042 1893 1088 1966 de
1097 1895 1226 1967 AEtolis

150 2005 329 2077 «decerni
348 2007 567 2105 quidquam,
585 2005 737 2078 absente
751 2011 799 2078 Μ.
816 2007 960 2093 Fulvio,
976 2007 1101 2102 patiar.
1113 2035 1131 2072 »

200 2118 324 2187 XLIV.
350 2119 474 2208 Quum
498 2115 660 2188 AEmilius
684 2115 850 2187 callidam
874 2115 1045 2185 malitiam
1066 2115 1224 2204 inimici,

152 2224 252 2296 velut
271 2226 443 2298 omnibus
461 2241 606 2313 notam,
629 2227 878 2313 insimularet,
904 2239 941 2297 et
967 2238 1112 2324 tempus
1138 2248 1224 2297 eum

151 2335 329 2408 morando
358 2347 627 2410 extracturum¹
650 2339 809 2426 diceret,
839 2360 884 2407 ne
905 2337 1056 2408 consule
1075 2338 1224 2408 inimico

150 2447 300 2515 Romam
318 2448 475 2534 reniret3
494 2450 689 2520 certamine
703 2447 895 2520 consulum
908 2444 1064 2520 biduum
1077 2445 1223 2521 absum·

150 2567 255 2652 ptum
280 2570 357 2627 est:
377 2582 444 2629 nec
463 2574 638 2656 praesente
659 2559 834 2630 Flaminio
854 2560 1001 2632 decerni
1020 2557 1220 2656 quidquam

149 2663 339 2738 ridebatur
367 2692 484 2766 posse.
530 2676 679 2768 Captata
705 2672 846 2742 occasio
873 2685 947 2759 est,
982 2692 1095 2768 quum
1127 2692 1223 2767 aeger

148 2772 243 2849 forte
265 2775 460 2852 Flaminius
484 2779 647 2866 abesset;
666 2794 724 2867 et,
742 2779 921 2854 referente
940 2779 1099 2867 AEmilio,
1120 2802 1221 2850 sena-

148 2890 418 2962 tusconsultum
440 2889 575 2963 lactum
596 2905 669 2980 est,
693 2889 1078 2963 &Ambraciensibus
1098 2913 1221 2959 onznes

146 3026 226 3075 sure
249 3027 306 3075 res
330 3005 591 3077 redderentur:
616 3012 653 3076 in
679 3005 842 3077 libertate
864 3019 999 3091 essent,
1021 3028 1066 3074 ac
1084 3002 1221 3098 legibus

145 3119 221 3184 sua'r
238 3131 422 3187 uterentur
435 3144 445 3185 :
456 3122 647 3215 portorio,
667 3142 752 3215 quoe
770 3116 921 3204 vellent,
945 3132 1039 3186 terra
1056 3119 1222 3211 marique

146 3240 336 3322 caperent,
356 3226 445 3296 dum
470 3249 599 3298 eorum
614 3233 792 3298 immunes
810 3232 970 3298 Romani
993 3249 1038 3295 ac
1057 3230 1148 3295 socii
1165 3222 1218 3293 la·

183 3458 207 3502 7.
219 3436 356 3510 Etsib'r'rtur
370 3443 512 3508 inpartibus
524 3445 574 3493 ruia
583 3464 593 3502 ,·
602 3445 659 3494 vlde
703 3447 782 3494 micus
796 3447 850 3506 ejus
865 3444 1162 3502 oonsuleuet,1lomem
1180 3461 1220 3492 ve·

146 3523 178 3571 ad
188 3524 229 3579 X,
243 3538 255 3582 7
265 3554 273 3578 ‚
286 3539 312 3570 n.
328 3538 366 3570 ιο.
379 3549 413 3558 -
422 3523 494 3572 Cous.
503 3525 576 3573 etism
588 3535 659 3572 notes
703 3525 779 3585 niret,
788 3525 894 3585 rediret,
908 3537 938 3573 ut
951 3540 1008 3588 cap.
1027 3534 1076 3586 aa,
1090 3535 1114 3571 et
1125 3524 1156 3570 al.
1169 3524 1218 3576 vid.

144 3601 275 3666 dvirgu.
296 3604 351 3650 AEu.
368 3605 409 3661 11,
428 3618 453 3650 s.
472 3604 540 3663 504,
562 3616 587 3653 et
595 3605 658 3663 vn,
703 3604 778 3653 Dral.
794 3631 828 3643 -
841 3605 932 3651 Omnes
948 3602 1024 3652 codd.
1042 3613 1131 3667 preter
1143 3619 1218 3650 unum

144 3698 170 3730 v.
186 3683 251 3739 ras,
262 3693 353 3731 nostrae
362 3682 421 3732 edit.
431 3683 483 3731 vol.
494 3687 533 3741 11,
547 3701 575 3749 p.
590 3700 657 3744 apa,
703 3685 771 3747 Mog.
791 3693 932 3731 constanter
954 3693 1051 3730 suvant
1064 3680 1156 3729 redr'ret
1172 3698 1219 3746 pro

144 3771 170 3813 οἱ
188 3760 238 3810 tol.
258 3764 308 3820 111,
326 3780 382 3828 pag.
403 3764 462 3826 ²7⁵·
475 3766 522 3812 En.
539 3791 574 3801 -
587 3765 661 3826 Quod
703 3763 865 3820 verram,
878 3761 1050 3810 utrectissime
1062 3761 1217 3809 monetDra·
1247 3794 1256 3808 .
1290 3814 1296 3825 .

142 3854 169 3887 re
185 3840 218 3888 ab
236 3841 325 3890 AErolr‘s
340 3855 464 3907 reparent,
487 3843 555 3908 qnod
573 3854 658 3908 postu·
702 3841 821 3899 kenb.,si
835 3840 955 3890 rediret·
973 3856 1047 3889 manu
1060 3839 1124 3886 Livii
1137 3841 1219 3903 prole·

142 3919 495 3988 lent,utmeliorsur‚quam
504 3924 657 3980 AEtolornm,
703 3932 771 3970 ctum
791 3920 931 3979 credamus,
952 3921 1016 3969 ratio
1038 3919 1108 3968 reddi
1133 3921 1218 3984 nequit

143 4014 228 4062 uuae,
240 4002 353 4052 conditio
365 4003 409 4062 sit;
423 4004 481 4051 Ern.
703 4017 748 4049 cur
756 4001 836 4049 scribe
849 4000 906 4048 cod.
916 4001 1031 4064 Mogunt.
1044 4000 1096 4060 ejus
1107 3999 1164 4048 loco
1176 4015 1219 4046 ve·

177 4079 654 4138 8.detineatAmbmcienserruosfvid.
700 4080 764 4142 niret
780 4079 889 4127 dederit:
909 4079 948 4126 sin
965 4078 1063 4127 veniret
1086 4081 1219 4143 genuinum

143 4159 172 4217 1,
185 4159 219 4208 ⁵6
229 4176 270 4219 ,m
286 4177 325 4209 ro.
702 4172 830 4223 putemus,
845 4175 877 4206 ex
890 4159 943 4219 ejus
961 4157 1108 4222 glossemate
1129 4157 1221 4206 rediret

178 4238 238 4286 Car.
251 4239 340 4288 mv.
367 4253 389 4285 r.
415 4238 515 4300 Tempus
536 4239 655 4287 morando
701 4249 783 4287 ortum
793 4241 847 4286 erit.
857 4240 916 4286 Fam
925 4239 1008 4302 itaque
1016 4236 1147 4286 lectionem
1161 4247 1220 4303 post

140 4327 330 4373 extracturum
344 4315 401 4364 ride
418 4315 448 4363 sd
462 4319 506 4375 IV,
520 4320 569 4383 43,
585 4335 610 4367 u.
631 4321 656 4367 6.
702 4317 887 4367 Drakenborch.
897 4316 1005 4382 amplexi
1017 4328 1075 4365 runt
1089 4317 1176 4366 merito
1191 4328 1216 4364 et

143 4423 176 4432 -
190 4398 229 4444 Νσ
238 4397 336 4446 consule
352 4395 463 4455 inimico,
483 4399 594 4462 quaudiu
609 4398 656 4446 iui-
701 4399 775 4447 Doer.
789 4408 814 4446 et
824 4398 891 4462 bap.
907 4399 952 4446 En.

65 4640 134 4814 ἱ
229 4646 233 4655 ἡ
