2722 5040
107 506 110 517 l
141 503 147 523 Ι

138 825 168 920 t,
180 823 204 920 ξς
217 823 265 926 3231
311 819 465 907 Linus
495 841 715 906 xxxviii.
746 842 854 908 cir.
882 842 982 907 xm.
1112 865 1180 937 277

112 977 214 1059 gunt.
231 965 272 1030 ln
289 987 334 1032 eo
351 959 493 1057 praelio,
511 984 625 1055 quum
640 974 676 1031 et
690 959 1034 1056 impedimentorum
1051 987 1133 1058 pars
1146 965 1202 1033 et‘

113 1071 303 1157 calonum,
320 1084 357 1142 et
374 1070 505 1141 milites
524 1070 681 1166 aliquot,
698 1096 813 1167 quum
828 1074 958 1168 passim
974 1087 1053 1143 toto
1067 1100 1182 1172 prope
1208 1088 1214 1106 ‘

112 1180 204 1251 saltu
225 1194 471 1278 pugnaretur,
492 1178 727 1268 cecidissent,
748 1181 946 1278 plurimum
966 1186 1011 1271 Q.
1033 1185 1183 1255 Minucii

112 1289 257 1361 Thermi
275 1304 393 1360 morte
417 1289 540 1361 damni
558 1304 612 1360 est
631 1304 843 1387 acceptum,
863 1289 965 1362 fortis
987 1317 1027 1362 ac
1044 1300 1183 1364 streuui

93 1403 188 1471 ‚viri
209 1406 262 1471 Eo
281 1401 340 1472 die
358 1400 405 1471 ad
426 1400 589 1472 Hebrum
610 1399 747 1472 flumen
768 1416 982 1498 perventum
1002 1418 1076 1473 est:
1098 1404 1183 1475 inde

115 1513 300 1583 AEniorum
327 1509 419 1583 fines
443 1526 573 1609 praeter
591 1510 788 1610 Apollinis,
813 1511 1050 1608 Zerynthium
1071 1538 1182 1609 quem

114 1637 244 1694 vocant
256 1617 607 1719 incolae³,templum
618 1635 802 1719 superant.
814 1621 898 1691 Aliae
908 1625 1080 1720 angustiae
1091 1625 1183 1695 cirea

112 1737 288 1830 Tempyra
304 1732 490 1829 excipiunt
503 1731 595 1824 (hoc
613 1725 695 1803 loco
714 1756 849 1802 nomen
866 1747 921 1802 est
934 1732 967 1824 l,
982 1757 1051 1804 nec
1064 1736 1184 1805 minus

112 1841 352 1941 confragosae,
371 1865 480 1940 quam
509 1843 669 1939 priores,
692 1840 774 1928 sed,
800 1842 886 1938 quia
907 1843 999 1912 nihil
1024 1843 1184 1914 silvestre

112 1956 206 2023 circa
227 1967 302 2037 est,
326 1977 373 2023 ne
402 1950 556 2023 latebras
581 1951 730 2046 quidem
755 1950 800 2021 ad
824 1951 1067 2022 insidiandum
1091 1978 1183 2049 prae-

111 2062 214 2133 bent.
237 2068 316 2133 Huc
341 2060 387 2132 ad
408 2060 573 2132 eamdem
592 2085 695 2158 spem
718 2060 845 2157 praedae
866 2064 990 2131 Trausi
1013 2064 1125 2159 (gens
1147 2077 1183 2132 et

114 2177 188 2271 ipsa
213 2173 421 2267 Thracum)
443 2196 676 2244 convenere:
703 2170 787 2256 sed,
814 2173 901 2269 quia
926 2170 1031 2242 nudae
1053 2173 1184 2257 valles,

113 2283 240 2380 procul
263 2297 304 2353 ut
328 2284 629 2380 conspicerentur
651 2282 833 2380 angustias
855 2280 1084 2366 obsidentes,
1104 2281 1183 2354 effi-

113 2392 278 2478 ciebant,
303 2393 425 2462 minus
453 2393 602 2464 terroris
628 2392 880 2489 tumultusque
901 2390 971 2468 tuit
991 2392 1088 2490 apud
1111 2399 1181 2464 Ilo-

113 2528 248 2576 manos.
266 2505 413 2601 Quippe
431 2505 499 2575 etsi
518 2505 648 2600 iniquo
665 2503 769 2588 loco,
788 2503 912 2600 praelio
930 2518 1050 2574 tamen
1065 2505 1180 2598 justo,

115 2616 187 2688 acie
202 2617 362 2713 apertal,
376 2614 515 2686 collatis
529 2616 640 2712 signis
655 2613 900 2686 dimicandum
916 2623 1002 2696 erat.
1020 2615 1183 2687 Conferti

114 2725 311 2798 subeuntes
333 2750 417 2796 cum
442 2725 619 2810 clamore,
638 2726 777 2821 impetu
800 2721 914 2808 facto,
940 2725 1100 2822 primum
1119 2750 1183 2796 ex-

115 2836 239 2934 pulere
253 2835 335 2907 loco
349 2836 492 2922 hostes3
506 2834 639 2907 deinde
653 2849 813 2906 avertere
827 2860 835 2902 :
853 2832 939 2928 luga
950 2832 1041 2914 ,inde
1054 2834 1183 2906 caedes·

113 2972 204 3043 que,
225 2948 298 3017 suis
321 2949 418 3044 ipsos
442 2943 724 3045 impedientibus
750 2943 942 3038 angustiis,
962 2939 1041 3014 fieri
1065 2958 1183 3040 coepta

114 3070 175 3126 est.
200 3057 353 3127 Romani
376 3056 531 3127 victores
554 3055 599 3126 ad
624 3056 743 3126 vicum
765 3054 1026 3125 Maronitarum
1044 3053 1057 3145 (
1072 3058 1182 3124 Saren

112 3248 142 3294 ad
151 3263 204 3312 cap.
217 3256 264 3305 lo,
276 3265 300 3294 n.
312 3247 337 3295 3.
350 3276 385 3286 --
398 3251 426 3311 Q.
435 3249 539 3297 Minucii
551 3248 623 3296 Ther·
668 3265 704 3312 sq.
715 3260 739 3296 et
749 3232 839 3313 sephi
848 3251 920 3296 Forte
935 3245 983 3308 leg.
999 3259 1070 3307 quem
1088 3257 1183 3292 ‘siccant

112 3327 157 3382 mi,
177 3327 224 3373 viri
240 3327 387 3386 consularis,
400 3327 473 3375 unius
490 3345 521 3375 ex
539 3327 623 3376 decem
668 3329 776 3383 accola,
797 3339 837 3375 aut
850 3323 984 3389 Apollinis,
1003 3325 1032 3370 Z.
1048 3338 1119 3385 quem
1131 3339 1180 3369 vo·

112 3405 196 3470 legitis
214 3408 241 3454 iu
252 3405 335 3454 Asiam
351 3424 365 3455 a
381 3419 467 3455 senatu
484 3407 579 3466 missis,
593 3407 624 3456 de
668 3420 740 3463 cane,
756 3408 871 3470 inclytum
885 3403 1013 3466 temptam·
1029 3402 1075 3448 nisi
1091 3403 1181 3464 eglon·

112 3501 161 3548 quo
184 3485 235 3534 vid.
260 3502 334 3550 supra
352 3484 383 3533 ad
402 3503 456 3550 cap.
477 3488 523 3547 39,
542 3488 622 3549 princ.
668 3505 693 3534 sa
712 3487 809 3551 irrepsit
823 3502 873 3533 vox
889 3484 989 3537 incolcr,
1011 3498 1085 3544 quam
1103 3482 1180 3529 nescit

113 3565 311 3621 liu-Hebrum,
321 3563 430 3613 Thraciae
442 3579 550 3625 amnem,
563 3566 622 3614 bod.
667 3583 689 3614 c.
703 3568 762 3613 Lov.
771 3582 796 3624 a,
806 3576 830 3613 et
849 3561 976 3610 delendam
989 3559 1091 3623 putabat
1106 3558 1180 3606 Dralr.

113 3643 219 3691 Marisa.
233 3644 281 3691 En.
668 3646 708 3691 Sic
733 3659 843 3698 amnem,
869 3641 969 3687 Melana
996 3654 1065 3701 quern
1088 3650 1181 3686 uocant

148 3723 170 3770 3.
182 3724 277 3769 Proeter
288 3722 409 3785 Apollinis
427 3723 554 3787 templum,
577 3724 624 3768 Ze·
668 3741 722 3788 cap.
738 3731 785 3779 lo,
796 3722 838 3768 ubi
855 3722 905 3768 duo
920 3719 984 3766 Mss
998 3717 1092 3766 addunt
1108 3735 1181 3766 aero·

111 3800 232 3861 synelitem
246 3817 317 3865 quem
329 3801 623 3859 vocaneincoteaffhu-
669 3804 707 3850 lae.
721 3827 755 3839 -
770 3804 890 3865 Tempyra
904 3798 949 3845 sub
972 3798 1094 3862 Rhodope
1118 3801 1181 3847 iuter

111 3895 165 3938 ces,
178 3881 335 3928 utVeuerem
351 3895 393 3928 seu
411 3882 521 3928 Hecaten
534 3883 624 3942 Zeryn-
667 3883 769 3930 Nestum
791 3891 816 3926 et
834 3879 959 3935 Hebrum3
981 3877 1029 3924 vid.
1047 3880 1130 3926 Burin.
1148 3879 1180 3926 ad

71 4005 73 4007 ,
111 3958 189 4006 thiam
205 3959 236 4007 ab
247 3976 308 4024 opp.
321 3970 346 4007 et
360 3960 583 4017 nutro,eisacro‚
597 3960 623 4006 iu
667 3960 769 4008 0vid.l.
784 3960 800 4007 l.
815 3956 952 4006 etWessel.
969 3957 1001 4004 ad
1017 3957 1180 4007 itimhuton.

110 4054 242 4101 quocaues
257 4038 308 4086 deae
321 4039 526 4098 immohbautur,
543 4038 622 4103 quod·
667 4056 724 4104 pag.
738 4040 798 4085 322.
809 4064 845 4074 -·
860 4040 993 4098 Tempyra,
1009 4036 1083 4085 laodic
1095 4041 1181 4101 Impa-

110 4133 157 4179 que
171 4119 301 4176 nonnulli,
312 4129 339 4166 ut
357 4117 440 4167 Schot.
454 4119 582 4182 Aristoph.
596 4119 623 4165 in
667 4136 705 4165 ra.
720 4120 765 4166 Eu.
782 4144 817 4153 —
836 4113 936 4171 Transi,
950 4114 984 4161 al.
1003 4114 1106 4164 Thrausi
1113 4135 1122 4163 .·
1137 4118 1180 4166 sed

110 4198 181 4257 Pau,
194 4197 307 4246 tribuunt
322 4198 499 4257 sinamur,
513 4197 557 4247 sed
570 4197 622 4262 ple·
667 4197 772 4267 Τραυσοὶ
794 4197 909 4245 dicuntur
935 4195 1076 4271 Herodoto,
1095 4199 1126 4254 V,
1151 4201 1179 4255 3,

110 4276 179 4339 rique
202 4278 229 4325 in
250 4294 293 4326 ora
307 4277 417 4326 Thracia
436 4294 514 4342 prope
533 4279 622 4324 AEuum
667 4294 692 4325 n.
707 4275 1125 4344 t,etSteph.quieosA7addpcou
1139 4294 1177 4323 arr-

109 4356 250 4419 quaesivere.
265 4358 339 4407 cons.
350 4360 431 4407 Treta.
448 4368 472 4406 et
487 4360 578 4406 Potter.
591 4356 622 4403 ed
667 4369 785 4405 numerat.
798 4357 884 4405 Tltrrui
897 4354 963 4415 conj.
976 4358 1054 4404 Ortel.
1070 4357 1095 4402 in
1107 4356 1178 4404 Thea.

109 4435 220 4500 Lycopb.
234 4452 265 4498 77
286 4427 519 4506 et‚l!09(Zripuvhos
536 4436 621 4503 dispas
667 4452 749 4500 geogr.
763 4438 818 4501 quia
837 4438 933 4508 Opdcss
946 4447 1048 4484 tractum
1064 4442 1180 4480 mernorat

109 4517 311 4584 τῆςιωνοσφάγου
320 4519 377 4576 θεᾶς
389 4512 413 4578 );
424 4515 492 4564 sold.
506 4530 561 4562 voc.
575 4518 622 4569 Zn·
667 4517 773 4581 Procop
782 4518 825 4573 lv,
835 4516 866 4563 de
875 4516 951 4563 AEdif.
964 4514 1054 4562 lustin.

109 4595 197 4660 postis.-
214 4592 573 4659 lntpp.0vid,Trist.1,1o,
590 4608 621 4656 19
705 4605 726 4654 4.
745 4596 807 4644 Acie
823 4607 930 4660 aperto,-
954 4593 1009 4640 ride
1025 4592 1056 4640 nd
1071 4591 1110 4646 Χ,
1135 4594 1177 4644 14,
