2722 5040
179 791 298 902 ῧῑὲζὲξζῑ
384 812 475 879 Lm.
503 815 581 880 xc.
609 814 715 881 cae.
743 815 846 880 xui.
874 818 977 883 xiv.
1125 816 1208 901 ‘451

154 945 262 1001 «ante
290 931 509 1003 admisissem
531 933 673 1030 piaculo
697 933 867 1028 dignum,
897 936 1067 1009 lustratus
1092 955 1128 1010 et
1152 967 1212 1012 ex-

153 1043 296 1138 epiatus
311 1066 433 1126 sacro,
453 1059 529 1114 turn
552 1069 667 1140 quum
689 1046 844 1114 maxime
862 1045 899 1114 in
921 1047 1075 1118 hostiam
1096 1050 1214 1120 itineri
1260 1034 1262 1038 ¹

152 1166 307 1221 «nostro
322 1151 597 1224 circumdatam⁵
611 1156 777 1242 intuens,
797 1155 1025 1253 parricidium
1036 1213 1045 1245 ,
1056 1185 1213 1246 venena,

152 1261 333 1359 «gladiOS,
352 1265 388 1333 in
403 1267 692 1335 comissationem
708 1280 937 1362 praeparatos,
952 1268 1160 1340 volutabam
1175 1272 1212 1340 in
1282 1328 1285 1337 .

152 1373 325 1442 tunimo?
342 1388 382 1443 ut
399 1375 532 1470 quibus
546 1374 623 1444 aliis
638 1373 769 1444 deinde
783 1373 914 1444 sacris6
933 1381 1213 1450 contaminatam

152 1485 280 1580 «omni
303 1485 436 1556 scelere
460 1500 619 1556 mentem
645 1486 851 1582 expiaretn?
870 1485 939 1556 Sed
964 1512 1074 1559 cacus
1094 1491 1213 1559 crimi-

150 1593 286 1663 cnandi
309 1593 507 1692 cupiditate
529 1597 690 1682 animus,
710 1595 797 1666 dum
814 1599 933 1666 omnia
952 1614 1116 1696 suspecta
1135 1599 1214 1671 effi-

150 1727 258 1774 scere
277 1704 377 1790 vult,
402 1704 498 1775 aliud
517 1707 587 1777 alio
611 1704 814 1776 confundit.
842 1711 950 1793 Nam,
970 1709 998 1779 si
1018 1734 1159 1780 veneno
1180 1724 1215 1779 te

150 1813 275 1883 «inter
293 1838 434 1884 coenam
454 1814 581 1886 tollere
601 1817 720 1903 volui,
739 1815 827 1912 quid
842 1818 962 1887 minus
980 1834 1105 1915 aptum
1124 1818 1213 1906 fuit,

150 1947 288 2019 «quarn
310 1926 484 2019 pertinaci
504 1928 697 2006 certamine
715 1941 750 1996 et
769 1951 946 1996 concursu
965 1928 1095 1999 iratum
1115 1943 1150 2000 te
1167 1929 1214 2000 el·

148 2031 305 2120 «ficere,
325 2048 365 2103 ut
384 2037 533 2121 merito,
552 2038 644 2106 sicut
664 2034 798 2119 fecisti,
818 2037 987 2105 invitatus
1009 2036 1052 2105 ad
1071 2062 1212 2107 coenam

147 2142 357 2214 «abnueres
367 2157 379 2200 ⁷
390 2145 537 2236 ?Quum
554 2161 673 2216 autem
691 2147 802 2214 iratus
821 2159 1135 2239 negasses‚utrum
1148 2187 1159 2229 ,
1174 2161 1215 2214 ut

147 2254 355 2351 «placarem
372 2270 429 2341 te,
451 2255 570 2325 danda
589 2279 700 2351 opera
724 2254 812 2340 fuit,
832 2267 871 2322 ut
892 2252 996 2322 aliam
1014 2278 1213 2348 quaererem

147 2366 423 2450 «occasionem,
442 2368 616 2461 quoniam
643 2365 753 2434 semel
780 2387 960 2434 venenum
982 2364 1214 2459 paraveram?

147 2498 220 2544 «an
236 2472 282 2543 ab
298 2474 361 2544 illo
378 2476 529 2545 consilio
551 2475 651 2544 velut
672 2473 943 2544 transiliendum
961 2471 1004 2543 ad
1019 2472 1116 2544 aliud
1131 2472 1214 2559 fuit,

146 2599 216 2655 «ut
230 2583 327 2654 ferro
344 2600 398 2671 te,
417 2599 452 2655 et
469 2583 615 2679 quidem
636 2609 680 2654 eo
699 2583 777 2671 die,
795 2609 860 2682 per
877 2587 1033 2680 speciem
1048 2586 1214 2655 comissa·

147 2695 305 2782 ationis,
333 2692 558 2764 occiderem?
581 2697 664 2784 Quo
691 2692 822 2764 deinde
846 2692 979 2779 morlo,
1000 2695 1028 2763 si
1055 2708 1089 2764 te
1112 2709 1211 2765 metu

147 2805 302 2875 «mortis
335 2803 525 2874 credebam
558 2828 697 2874 coenam
728 2805 876 2874 evitasse
899 2829 1039 2890 meam,
1068 2830 1143 2876 non
1166 2805 1212 2875 ab

145 2913 304 2985 «eodem
336 2911 462 2984 metu8
496 2916 783 2985 comissationem
816 2939 965 3010 quoque
995 2916 1211 2984 evitaturum

146 3054 162 3090 α
177 3022 448 3095 existimabam?

193 3138 287 3204 XIV.
308 3165 324 3197 a
337 3140 420 3205 Non
444 3151 496 3206 est
521 3161 596 3219 res,
623 3161 695 3232 qua
718 3134 946 3219 erubescam,
967 3149 1087 3230 pater,
1107 3136 1135 3202 si
1154 3134 1212 3203 die

144 3358 205 3422 regis
219 3359 269 3407 duo
280 3359 334 3426 filii
343 3360 443 3423 juvenes
456 3360 592 3424 cingebant.
607 3363 651 3407 En.
698 3360 810 3424 implicat
822 3370 966 3405 structuram
985 3357 1165 3419 interrogandi,
1177 3358 1211 3403 sic

179 3440 204 3487 5.
218 3441 277 3486 Tum
291 3451 404 3503 utquam
418 3439 652 3504 inaxime(vidcad
697 3438 871 3486 evolvendam:
894 3453 941 3492 aa,
967 3448 993 3482 ttt
1014 3435 1070 3482 aliis
1091 3436 1205 3482 saeris...

142 3517 246 3575 mx,
266 3536 310 3579 17,
328 3535 352 3566 n.
367 3518 403 3585 6)
416 3518 441 3564 in
456 3518 559 3564 bostiam
574 3517 656 3564 itineri
698 3529 799 3564 mentem
812 3516 936 3578 expiarem
948 3520 961 3558 .’
974 3518 1006 3560 At
1017 3513 1102 3577 quibus
1117 3513 1185 3561 illis?
1199 3538 1210 3554 n

142 3610 225 3646 notem
242 3598 432 3653 circumdatam,
448 3599 517 3658 cujas
530 3597 585 3644 duae
599 3613 652 3660 par·
698 3599 754 3660 lpse
768 3610 867 3657 quoque
878 3596 954 3640 Gron.
969 3594 993 3638 in
1009 3591 1136 3639 addendis
1152 3609 1209 3657 pro-

142 3686 178 3723 tes
189 3676 221 3724 sd
239 3677 349 3724 dextram
363 3676 498 3739 laevamque
513 3676 559 3722 vite
575 3687 654 3721 essent
698 3674 765 3722 bavit
783 3675 810 3724 τὸ
832 3686 859 3719 ut
873 3675 927 3736 (gr.
943 3674 981 3722 ἵνα
994 3666 1040 3731 τί)
1057 3671 1209 3736 firmavitque

141 3757 238 3822 positae.
251 3756 323 3803 Conl.
333 3772 387 3819 cap.
397 3757 413 3800 6
423 3772 460 3818 pr.
698 3755 754 3801 coll.
764 3752 837 3800 simili
848 3753 905 3797 loco
917 3751 960 3799 int.
978 3753 1069 3808 XLIV,
1081 3753 1128 3813 39,
1146 3768 1170 3798 n.
1185 3754 1209 3800 5.

178 3837 204 3885 6.
216 3839 248 3882 Ut
267 3835 352 3898 quibus
376 3835 432 3881 aliis
455 3833 542 3880 deiude
560 3833 649 3887 sacris,
697 3861 732 3869 -
748 3834 812 3879 Vide
831 3843 900 3879 notas
918 3831 949 3877 ad
969 3830 1074 3891 Quintil.
1093 3831 1209 3879 editionis

142 3926 189 3963 etc.
201 3915 266 3962 Nota
281 3915 359 3961 Gron.
378 3924 452 3960 esu«
464 3913 536 3960 Nulla
555 3911 595 3957 hic
612 3927 653 3974 po·
698 3925 788 3961 nostra·
809 3911 925 3969 votvt,
944 3926 999 3973 pag.
1027 3911 1085 3957 330.
1103 3912 1148 3959 Eo.
1174 3939 1206 3948 --

143 4004 190 4042 test
203 3992 263 4057 liugi
279 3992 408 4040 destinatio
427 3992 463 4039 vel
476 3991 555 4038 finalis
567 4007 652 4049 causa,
698 3993 777 4040 Aliud
785 3992 848 4045 alio,
865 3990 919 4046 alii,
930 4007 985 4036 curn
997 3989 1045 4035 alio
1059 3990 1203 4053 coristtadit.

143 4088 215 4135 quam
241 4072 359 4136 particula
383 4083 410 4116 ut
428 4071 541 4134 explicet.
568 4071 653 4132 Neque
697 4072 735 4119 vel
749 4070 895 4134 confundere
910 4072 940 4115 sit
957 4069 1071 4124 turbare,
1087 4082 1206 4122 evertere.

142 4152 209 4199 enim
221 4167 328 4214 unquam
342 4149 387 4198 hac
398 4150 454 4207 tini,
468 4160 496 4197 ut
506 4150 652 4213 expiaretur,
697 4166 811 4213 arguere3
826 4150 913 4195 Bauer.

143 4231 274 4295 proposuit
290 4229 356 4285 sibi,
374 4247 399 4277 se
416 4229 538 4277 bominem
559 4228 651 4274 occisu·
734 4246 756 4288 7.
770 4229 888 4275 Invitatus
907 4229 943 4274 ad
958 4244 1050 4275 coettam
1072 4230 1203 4282 abatteres,

143 4325 210 4365 rum,
229 4308 319 4356 nedum
339 4308 496 4373 parricidium
515 4308 653 4355 commissu·
697 4326 730 4354 sc.
746 4309 842 4362 venire,
856 4318 882 4354 ut
903 4325 961 4354 mox
977 4319 1000 4355 et
1014 4324 1068 4371 cap.
1087 4326 1148 4372 7pr.
1166 4327 1206 4354 ro⁴

144 4403 205 4434 rum.
217 4390 295 4452 Lege:
311 4390 345 4434 Et
358 4388 443 4452 quibus
455 4387 523 4441 aliis,
538 4399 583 4433 etc.
595 4409 606 4425 »ι
623 4389 654 4432 At
699 4399 767 4433 cattis
776 4387 813 4433 ad
820 4403 914 4433 coettam
927 4401 1007 4451 negat.

145 4467 333 4531 BaueritffiEgo
346 4480 374 4514 at
388 4469 579 4532 pretulerim‚si
595 4465 654 4529 quid
734 4467 758 4513 8.
776 4466 812 4511 Aa
837 4465 919 4512 eodem
941 4479 1018 4514 metu.
1043 4467 1076 4511 ob
1102 4477 1206 4519 mettium

145 4544 229 4607 utique
247 4545 390 4592 mutandum
411 4548 455 4593 sit:
474 4547 515 4594 scd
529 4546 654 4610 ingeniose
699 4545 793 4592 videsd
807 4547 831 4603 1,
847 4561 906 4600 r,n.
920 4546 943 4590 5.

1007 4654 1063 4720 29.
