2722 5040
239 466 242 474 ι

1145 482 1147 489 ι

178 822 303 926 tta}
376 846 526 913 Lmen
552 844 749 914 xxxvu.
772 824 876 913 cnr.
901 846 1023 913 uun
1153 847 1220 944 169

151 995 168 1028 a
181 966 334 1034 nimium
362 955 570 1063 deprimatis
595 990 640 1036 ex
667 967 772 1036 sociis
799 967 948 1050 vestris,
977 967 1065 1038 alios
1092 984 1223 1066 praeter

151 1105 168 1139 α
181 1073 334 1144 modum
349 1074 527 1146 extollatis
537 1072 572 1161 3;
586 1072 650 1146 sed
665 1077 790 1159 etiam,
807 1100 875 1162 ne,
893 1077 956 1171 qui
972 1075 1142 1148 adversus
1154 1104 1220 1150 vos

151 1216 167 1250 α
181 1209 280 1256 arma
289 1184 458 1270 tulerint,
471 1185 619 1256 meliore
632 1177 727 1256 statu
740 1186 830 1271 sint,
845 1208 954 1281 quam
969 1186 1055 1256 socii
1066 1201 1104 1256 et
1116 1189 1220 1258 amici

152 1296 301 1367 «vestri.
319 1294 428 1386 Quod
444 1295 489 1365 ad
503 1320 561 1366 me
575 1296 724 1383 attinet,
739 1296 776 1365 in
795 1294 871 1365 aliis
885 1293 995 1365 rebus
1008 1296 1153 1368 cessisse
1166 1299 1221 1367 in·

151 1435 167 1468 a
181 1419 236 1475 tra
259 1402 372 1476 finem
394 1405 511 1499 jurist
537 1407 608 1475 mei
634 1403 783 1477 cuilibet
807 1403 921 1474 videri
942 1404 1085 1491 malim,
1109 1431 1219 1503 quam

152 1517 288 1585 «nimis
316 1517 548 1612 pertinaciter
576 1517 615 1585 iu
646 1513 846 1601 obtinendo
873 1539 917 1587 eo
943 1515 1156 1602 tetendisse;
1179 1518 1218 1586 in

151 1621 376 1696 «certamine
390 1640 510 1696 autem
525 1627 687 1696 amicitiae
697 1624 1119 1710 nostrae,benevolentiac
1134 1650 1219 1724 erga
1259 1712 1263 1725 Ι

151 1760 261 1823 «vos,
285 1736 437 1807 honoris
455 1738 519 1834 qui
541 1761 561 1807 a
582 1735 685 1807 vobis
709 1734 920 1824 habebitur,
944 1739 1093 1808 minime
1113 1762 1218 1833 aequo

152 1846 304 1916 «animo
325 1845 420 1916 vinci
444 1870 602 1943 possum.
626 1851 726 1917 Hanc
746 1871 814 1943 ego
835 1849 1022 1918 maximam
1042 1846 1218 1919 heredita-

151 1985 167 2018 «
179 1971 252 2026 tem
268 1981 288 2027 a
302 1970 404 2053 patre
419 1959 559 2054 accepi,
577 1958 641 2053 qui
655 1958 793 2054 primus
808 1958 970 2028 omnium
987 1959 1106 2028 Asiam
1121 1961 1218 2027 Gra·-

151 2095 167 2129 «ι
181 2066 347 2162 ciamque
374 2065 611 2144 incolentium
641 2069 678 2135 in
704 2067 895 2138 amicitiam
923 2081 1077 2138 vestram
1096 2069 1216 2154 venit,

151 2200 334 2272 «eamque
352 2175 525 2273 perpetua
544 2189 580 2246 et
598 2177 778 2246 constanti
795 2174 867 2247 fide
887 2176 931 2246 ad
954 2191 1155 2246 extremum
1173 2175 1216 2245 fi-

149 2309 263 2357 unem
292 2286 375 2355 vitae
401 2285 591 2383 perduxit;
616 2286 684 2357 nec
709 2285 897 2356 dumtaxat
923 2289 1085 2357 animum
1112 2284 1216 2357 vobis

150 2395 318 2467 «bonum
339 2419 379 2466 ac
404 2393 547 2466 fidelem
570 2396 751 2492 praestitit,
782 2395 844 2465 sed
865 2392 1034 2465 omnibus
1052 2392 1216 2465 interfuit

150 2503 302 2593 «bellis,
319 2531 400 2603 quae
418 2504 457 2576 in
476 2508 612 2576 Grae'cia
630 2507 804 2603 gessistis,
822 2503 1069 2591 terrestribus,
1088 2506 1217 2576 navali·

149 2648 165 2681 «
180 2617 269 2705 bus3
288 2618 389 2687 omni
407 2641 540 2714 genere
557 2630 825 2687 commeatuum
840 2617 908 2702 ita,
922 2629 963 2685 ut
978 2640 1087 2687 nemo
1102 2617 1216 2687 socio-

148 2757 165 2791 «
178 2719 260 2797 ru'm
272 2722 476 2798 vestrorum
490 2727 624 2822 aequari
636 2726 708 2796 ulla
721 2741 822 2824 parte
834 2739 975 2822 posset,
986 2749 1051 2796 vos
1063 2725 1211 2821 adjuvit.

148 2840 363 2908 «Postremo
377 2860 492 2932 quum
508 2840 652 2906 Boeotos
670 2833 715 2904 ad
730 2837 937 2906 societatem
952 2850 1108 2907 vestram
1125 2836 1214 2908 bor·

147 2975 164 3008 α
179 2949 333 3033 taretur,
348 2948 386 3017 in
402 2949 478 3044 ipsa
491 2945 667 3016 concione
681 2945 963 3033 intermortuus,
983 2945 1080 3016 haud
1095 2946 1212 3017 multo

147 3086 163 3118 n
178 3070 258 3151 post
275 3058 467 3154 exspiravit
477 3052 502 3123 ⁵.
523 3055 637 3149 Hujus
662 3079 730 3152 ego
752 3056 899 3152 vestigia
927 3056 1127 3151 ingressus,
1147 3079 1211 3123 vo-

147 3197 163 3229 α
178 3165 308 3239 luntati
331 3166 479 3263 quidem
502 3180 538 3236 et
559 3163 678 3234 studio
697 3164 734 3233 in
754 3163 914 3234 colendis
933 3162 1036 3234 vobis
1058 3163 1212 3257 adjicere

146 3308 163 3342 ι
177 3278 345 3372 (etenim
361 3273 663 3373 inexsuperabilia
679 3272 755 3344 haec
773 3274 899 3370 erant)
913 3273 1001 3344 nihil
1017 3275 1139 3370 potui;
1155 3298 1211 3345 re-

147 3417 164 3451 α
176 3385 246 3457 bus
261 3388 348 3485 ipsis
363 3387 573 3483 meritisque
592 3399 628 3456 et
648 3385 820 3482 impensis
839 3379 1068 3455 officiorum⁶
1089 3397 1130 3453 ut
1148 3407 1209 3455 su-

180 3555 205 3600 3.
223 3552 332 3599 Nimium
347 3552 526 3618 deprimatis...
549 3551 653 3600 extollo·
697 3551 752 3599 Mil.
763 3553 787 3600 5.
798 3554 974 3599 Intermortmet
983 3561 1018 3598 est
1028 3549 1161 3615 collapsus,
1171 3548 1211 3598 dt·

145 3633 174 3680 tis
184 3651 193 3687 ‚·
203 3632 259 3680 virle
273 3631 305 3679 ad
316 3633 407 3689 ΠΧ,
423 3632 473 3690 36,
486 3649 511 3680 n.
524 3641 547 3689 t.
697 3629 775 3694 quuio
785 3632 876 3690 victus,
885 3646 955 3695 paene
965 3641 1092 3686 mortuus3
1103 3630 1189 3678 bauer.

180 3718 205 3765 t.
219 3711 320 3757 Cettistt
337 3711 403 3758 intra
408 3711 489 3778 finem
500 3711 581 3775 jnriu
598 3709 654 3757 vide
733 3712 757 3758 6.
768 3711 884 3774 Impensis
901 3707 1049 3773 officiorum,
1071 3724 1151 3755 rarum
1167 3724 1208 3772 ge·

144 3787 175 3835 atl
195 3791 233 3847 11,
246 3797 293 3851 49,
311 3804 336 3837 ιι.
354 3805 391 3835 ιο.
404 3817 440 3826 -
455 3789 616 3836 Pertinacitcr
627 3787 653 3835 in
698 3805 744 3836 nus
754 3788 871 3851 loquendi
883 3802 890 3835 :
900 3797 961 3851 puto
974 3798 1055 3834 autem
1066 3787 1100 3835 itt
1111 3787 1159 3834 dici
1169 3787 1207 3835 rel

143 3867 275 3914 obtinendo
288 3883 317 3914 eo
330 3868 474 3926 tetendisse,-
487 3867 544 3914 vids
557 3866 590 3914 ad
605 3868 652 3930 IV,
698 3884 797 3932 operam
805 3901 813 3927 ,
821 3883 890 3915 curat
899 3878 923 3915 et
931 3865 1044 3922 laboret,
1054 3884 1108 3930 quae
1117 3869 1209 3932 impen-

145 3961 158 4006 7
170 3963 212 4004 ,ιι
226 3948 251 3993 6.
698 3947 777 3995 denda
790 3963 819 3994 ac
832 3946 972 3996 sustinenda
988 3957 1046 3994 sunt
1064 3947 1109 4005 iis,
1122 3947 1165 4011 qui
1180 3946 1207 3994 in

178 4028 203 4073 5.
216 4029 247 4073 In
266 4027 320 4091 ipsa
340 4028 456 4076 concione
470 4030 650 4085 intermortuus,
697 4026 852 4092 prestatione
871 4026 1003 4088 multorum
1022 4043 1051 4074 ac
1064 4042 1206 4091 magnorum

142 4103 214 4151 haul
224 4107 299 4153 multo
312 4118 371 4170 post
381 4107 514 4172 exspiravit
523 4125 534 4163 ς
550 4106 653 4154 vidend
697 4104 838 4153 officiorum
852 4104 943 4152 assidui
957 4122 1008 4154 essa
1024 4106 1110 4154 volunt
1120 4105 1129 4171 (
1139 4105 1205 4153 conf.

142 4186 272 4240 xxxm.
284 4201 297 4231 a
310 4197 335 4234 et
347 4202 389 4234 at.
401 4189 506 4235 Primum
523 4186 652 4234 obmutire·
696 4185 780 4245 CuJ'ac.
790 4184 863 4231 obn.
875 4187 914 4242 X,
926 4185 959 4232 36
968 4183 1040 4250 ),vel
1052 4185 1173 4248 impensas
1181 4195 1206 4232 ct

141 4274 178 4309 rat
192 4274 216 4310 et
228 4262 383 4323 conciderat,
399 4276 468 4329 parte
488 4264 651 4312 membromm
695 4275 818 4328 sumptus,
834 4265 886 4312 sinc
900 4264 989 4327 quibus
1002 4262 1097 4321 officia,
1112 4279 1209 4327 quaese

142 4353 241 4406 captus:
255 4342 320 4390 unde
331 4343 501 4391 intermortuus
516 4353 551 4391 est
568 4344 607 4390 ita·
617 4343 652 4391 af·
695 4344 812 4391 Romanis
822 4343 934 4392 tribuisse
941 4346 1029 4404 jactat,
1039 4343 1147 4407 prestari
1156 4357 1207 4388 non

142 4421 231 4477 fectus,
250 4432 276 4468 nt
294 4423 356 4468 mori
376 4423 513 4487 videretur-3
534 4439 591 4468 nrm
611 4423 651 4470 cui
694 4434 822 4487 poterant3
833 4423 901 4471 an.
915 4427 984 4470 Forte
998 4422 1090 4469 dictum
1102 4436 1149 4483 pro
1160 4422 1206 4466 im·

142 4499 190 4547 boc
203 4500 303 4558 accidit,
314 4501 378 4549 vivit
393 4513 418 4548 et
430 4513 466 4549 est
482 4502 543 4549 vitre
559 4501 651 4549 riticius
694 4504 776 4567 pensis
798 4501 899 4559 officiis,
916 4512 943 4548 ut
963 4500 1038 4548 tarda
1056 4497 1156 4545 nornina
1177 4514 1208 4545 ac

143 4578 194 4642 ipse
205 4594 269 4639 suoe,
285 4581 351 4628 nuk.
362 4582 434 4630 Conl.
446 4583 541 4629 Manat.
553 4579 584 4628 atl
598 4581 649 4630 cic.
695 4580 824 4631 similiani
836 4582 900 4639 Vll,
914 4595 944 4626 ar
956 4613 963 4637 ‚
977 4594 1002 4626 n.
1025 4580 1039 4624 8
1059 4585 1205 4636 memorum
