2722 5040
177 786 301 902 &12:335
352 811 500 880 ranna
526 812 703 880 xxxix.
732 816 834 883 car.
863 821 1045 893 xxvru.
1134 826 1206 927 369

146 959 165 993 α
178 945 215 1002 et
229 955 340 1028 parva
362 931 512 1029 oppida,
528 934 616 1003 etin
636 931 770 1004 finibus
787 941 955 1009 extremis
968 943 1084 1039 posita
1094 943 1126 1038 )·,
1144 947 1208 1019 sed

145 1042 263 1137 «quia
289 1040 445 1111 multum
472 1042 515 1112 ad
543 1042 703 1138 reliquos
728 1044 943 1120 Macedonas
967 1055 1209 1129 continendos

145 1150 384 1248 «exemplum
417 1151 672 1249 pertinebat¹:
695 1169 862 1248 negatum
892 1173 946 1228 est
978 1161 1077 1232 mihi.
1109 1163 1208 1234 Bello

145 1288 164 1323 α
175 1260 329 1332 AEtolico
343 1263 502 1332 Lamiam
516 1286 726 1360 oppugnare
737 1266 857 1358 jussus
871 1292 891 1336 a
905 1272 1054 1344 consule
1066 1273 1124 1343 Μ’.
1134 1278 1209 1345 Aci·

145 1399 164 1434 α
177 1369 246 1457 Ιίο,
269 1396 385 1468 quum
407 1371 471 1443 diu
488 1371 654 1469 fatigatus
673 1372 723 1444 ibi
741 1374 868 1470 praeliis
888 1377 1134 1478 operibusque
1152 1407 1204 1454 es·

145 1508 164 1545 ι
176 1503 273 1567 sein,
292 1481 605 1575 transcendentem
623 1484 769 1578 mejam
789 1509 911 1555 muros
931 1513 949 1557 a
972 1505 1076 1586 capta
1095 1515 1208 1591 prope

146 1621 164 1656 α
177 1590 271 1663 urhe
285 1594 466 1663 revocavit
480 1594 625 1679 consul,
644 1607 681 1664 et
696 1592 875 1668 abducere
891 1599 1013 1695 copias
1029 1601 1115 1672 inde
1130 1627 1211 1674 coe-

145 1703 240 1800 «git.
266 1702 322 1772 Ad
348 1703 454 1798 hujus
479 1703 646 1774 solatium
671 1704 810 1796 injuriae
833 1710 1045 1803 permissum
1073 1726 1144 1800 est,
1169 1729 1210 1784 ut

145 1841 163 1876 «
174 1810 380 1900 Thessalia,
393 1811 689 1910 Perrhaebiaeque,
704 1828 740 1884 et
755 1813 994 1887 Athamanum
1009 1821 1208 1917 reciperem

145 1952 163 1987 ι
176 1921 341 2018 quaedam
354 1923 495 1995 castella
508 1924 639 2018 magis,
654 1947 762 2019 quam
778 1924 895 1995 urbes.
910 1931 958 1997 Ea
972 1952 1121 2026 quoque
1134 1934 1209 2029 ipsa

145 2062 163 2099 α
174 2058 240 2104 vos
252 2033 360 2119 mihi,
375 2036 419 2123 Q.
438 2032 574 2118 Caecili,
592 2057 726 2128 paucos
743 2049 826 2105 ante
843 2033 920 2105 dies
937 2034 1129 2110 ademistis,
1142 2045 1209 2110 Pro

145 2173 163 2208 ι
176 2167 253 2214 non
266 2141 378 2214 dubio
392 2142 502 2240 paulo
514 2156 615 2227 ante,
631 2143 658 2211 si
672 2141 739 2212 diis
755 2141 871 2239 placet
879 2154 906 2229 ²,
920 2143 1026 2240 legati
1039 2150 1207 2221 Eumenis

145 2252 383 2340 «sumebant,
400 2277 480 2350 quae
495 2252 661 2323 Antiochi
677 2251 841 2339 fuerunt,
859 2258 1057 2326 Eumenem
1071 2261 1209 2356 aequius

145 2391 163 2427 ι
177 2387 277 2450 esse,
296 2387 404 2459 quam
423 2387 499 2445 me,
527 2362 670 2434 habere.
693 2363 732 2433 ld
753 2387 820 2459 ego
839 2363 942 2436 aliter
958 2363 1066 2461 longe
1083 2368 1207 2462 judico

144 2503 162 2545 s
175 2497 261 2545 esse.
276 2476 454 2544 Eumenes
468 2475 584 2559 enim,
603 2498 679 2543 non
697 2474 766 2543 nisi
779 2474 944 2543 vicissent
960 2480 1129 2566 Romani,
1143 2479 1211 2570 sed⁸

145 2585 245 2656 «nisi
269 2582 405 2656 bellum
431 2584 639 2680 gessissent,
663 2607 809 2653 manere
835 2583 873 2652 in
900 2607 1014 2679 regno
1039 2610 1105 2656 suo
1130 2612 1205 2659 non

144 2723 162 2760 «
176 2694 304 2792 potuit.
324 2698 450 2789 Itaque
466 2692 526 2764 ille
544 2706 703 2763 vestrum
719 2693 888 2763 meritum
904 2691 1033 2781 habet,
1052 2721 1128 2767 non
1144 2724 1207 2770 vos

145 2835 162 2869 α
174 2803 290 2875 illius:
312 2803 385 2873 mei
400 2816 519 2872 autem
537 2802 658 2899 regni,
674 2815 812 2872 tantum
827 2801 965 2890 aberat,
985 2818 1025 2874 nt
1040 2805 1111 2876 ulla
1126 2832 1207 2905 pars

144 2943 162 2980 «
173 2915 211 2986 in
224 2913 430 2985 discrimine
441 2909 569 2999 fuerit,
586 2925 628 2982 nt
641 2913 707 2982 tria
721 2911 830 2983 millia
842 2912 1017 2984 talentum
1029 2910 1043 2956 ³
1058 2929 1094 2985 et
1106 2919 1209 3012 quin-

145 3027 344 3125 «quaginta
371 3039 482 3096 tectas
505 3048 614 3094 naves
641 3038 677 3094 et
705 3048 831 3094 omnes
856 3025 997 3094 Graeciae
1022 3026 1207 3110 civitates,

144 3162 265 3235 «quas
278 3151 384 3207 antea
396 3135 611 3217 tenuissem,
631 3134 860 3232 pollicentem
877 3133 973 3205 ultro
989 3135 1204 3206 Antiochum

144 3278 161 3313 α
174 3251 210 3319 iu
225 3244 428 3320 mercedem
443 3246 621 3316 societatis
636 3245 703 3315 sim
716 3243 971 3340 adspernatus:
989 3243 1205 3342 hostemque

144 3361 208 3430 «ei
225 3383 283 3430 me
300 3382 375 3429 esse
393 3357 494 3454 prins
510 3357 636 3439 etiam⁶‚
658 3379 765 3452 quam
784 3353 842 3424 Μ’.
859 3352 990 3424 Acilius
1008 3355 1203 3425 exercitum

143 3499 161 3535 α
174 3469 211 3540 in
227 3468 401 3541 Graeciam
419 3466 614 3560 trajiceret,
634 3489 704 3562 pra
721 3488 779 3534 me
799 3461 882 3549 tuli,
901 3477 1037 3533 etcum
1056 3487 1100 3534 eo
1117 3488 1203 3534 con·

144 3609 161 3645 a
174 3578 251 3651 sule
260 3577 344 3650 belli
359 3591 515 3675 partem,
526 3571 888 3672 quamcumquemihi
897 3570 1090 3668 delegavit,
1100 3577 1201 3669 gessi.

144 3693 217 3761 «Et
237 3687 443 3784 insequenti
465 3686 604 3756 consuli
629 3689 667 3756 L.
686 3683 862 3780 Scipioni,
884 3704 998 3777 quum
1018 3695 1114 3753 terra
1131 3699 1204 3754 sta-

143 3829 160 3864 «
174 3799 298 3868 tuisset
313 3798 445 3868 ducere
464 3795 659 3865 exercitum
679 3791 724 3863 ad
743 3790 1032 3888 Hellespontum,
1047 3817 1122 3862 non
1137 3795 1205 3866 iter

142 3939 159 3974 α
175 3923 313 3979 tantum
338 3930 403 4003 per
424 3929 575 4000 regnum
603 3918 767 3974 nostrum
792 3899 893 3988 dedi,
919 3899 980 3970 sed
1004 3903 1077 3972 vias
1096 3906 1201 3975 etiam

142 4136 257 4186 Mum
281 4136 395 4185 munisse.
414 4162 449 4173 -
470 4136 649 4184 Maronitarum
689 4149 802 4200 pugnam
816 4133 910 4196 jussus,
928 4145 973 4183 etc.
994 4137 1061 4184 conl.
1080 4152 1133 4201 cap.
1155 4139 1202 4193 23.

141 4218 297 4274 arbedone
306 4217 396 4263 urbm
693 4225 717 4260 ct
731 4213 858 4270 mvl,
870 4215 913 4262 25,

176 4296 239 4346 Car.
250 4297 370 4344 xxvtu.
387 4309 410 4342 t.
422 4294 462 4341 Ad
473 4294 581 4358 reliquos
592 4295 649 4340 Ma·
729 4307 753 4340 2.
767 4291 794 4338 si
803 4291 850 4340 diis
860 4293 963 4357 placem
977 4294 1026 4342 vid.
1038 4297 1083 4354 tv,
1094 4297 1126 4351 3,
1143 4312 1166 4342 n.
1177 4305 1200 4351 t.

141 4375 246 4424 cedam
256 4372 500 4437 concionandum
513 4371 544 4419 ad
559 4373 649 4428 nu,
730 4371 753 4418 3.
768 4362 828 4418 Τήᾰ
843 4370 921 4420 mittio
940 4373 1072 4429 talentum,
1088 4374 1200 4421 exCrev.
1258 4423 1266 4432 ἱ
1313 4386 1316 4394 ·

142 4469 173 4501 22
184 4470 225 4510 ‚ru
236 4453 417 4519 9)exemplum
422 4451 579 4515 pertineban-
593 4449 648 4497 ride
693 4448 842 4508 rationibus,
861 4466 952 4499 marm
972 4453 1065 4513 argenti
1083 4461 1201 4498 nostrates

140 4531 171 4578 ad
188 4534 288 4586 ssVl,
303 4532 348 4585 3¹,
361 4547 386 4579 n.
402 4532 425 4578 5.
437 4557 471 4568 -
483 4530 592 4576 Lamiam
606 4545 648 4593 op·
694 4530 815 4586 atrato.
825 4533 868 4578 En.
883 4557 917 4566 —
931 4529 1113 4592 Quinquaginta
1127 4539 1201 4577 taem

270 4621 351 4686 Vn.
1013 4618 1057 4699 24
