2722 5040
251 64 286 109 et
305 64 399 107 viros
423 64 568 107 numen]
593 65 694 134 spem
721 42 756 107 iu
784 41 890 107 annis
915 39 923 106 l

252 148 373 218 (iverat
393 174 553 243 uuquam
574 174 655 216 eum
678 151 717 215 iis
736 150 790 217 tei
815 165 927 216 uniter

253 261 337 354 quin
359 275 507 355 propter
535 259 768 329 domesticam
792 261 932 355 inopiar.

252 368 448 441 cursahaut
469 396 476 438 :
505 394 571 441 nec
596 384 717 441 tamen
737 370 774 439 in
794 369 936 441 discrim

252 477 494 577 pugnabatur.

301 593 344 663 11.
370 592 410 659 C.
436 587 633 659 Flaminius
657 587 805 671 consul,
829 613 913 663 cum
938 594 944 661 ζ

251 698 343 771 bus¹
365 699 404 769 in
424 722 511 811 agpo
534 722 662 769 eorum
678 696 844 795 pluribus
860 698 945 797 praei

252 812 290 880 in
313 808 536 881 deditionem
560 821 705 904 gentem
729 810 888 906 accepit,
913 823 950 881 et

251 921 337 1016 quia
355 943 430 989 non
447 919 585 989 sincera
601 916 674 989 fide
691 918 901 1010 tradebant,
917 945 957 1019 qt

251 1029 384 1101 relictis
395 1030 494 1114 vicis,
507 1029 545 1097 iu
563 1034 726 1099 montem
737 1031 920 1125 Auginum
936 1054 961 1101 o

250 1138 370 1211 festim
392 1152 570 1234 sequutus
593 1152 647 1209 est
672 1139 809 1211 consul.
835 1140 963 1211 Caeteri

251 1273 334 1347 pars
356 1250 511 1321 maxima
535 1248 713 1336 inermes,
738 1273 804 1347 per
826 1250 921 1321 invia
946 1274 968 1323 e

250 1360 531 1457 praecipitantes,
550 1355 742 1454 fugerunt,
757 1383 830 1456 qua
844 1358 971 1456 sequi!

251 1474 304 1542 lta
325 1485 424 1541 trans
440 1469 669 1566 Apenninum
686 1466 864 1539 abierunt.
884 1469 957 1560 Qui

251 1593 354 1665 rant,
379 1578 603 1650 circumsessi
626 1580 821 1675 expugnati
845 1594 940 1650 sunt.
965 1583 971 1650 i

249 1692 380 1761 ninum
393 1688 509 1759 ductae
522 1688 690 1785 legiones.
705 1688 760 1759 Ibi
775 1691 927 1777 montis,
941 1712 971 1786 φ

249 1799 406 1872 titudine
424 1797 606 1896 paulisper
621 1822 660 1869 se
679 1799 803 1886 tutati,
822 1822 909 1869 mox
929 1798 968 1869 in

249 1923 445 1983 cesserunt.
464 1913 557 1978 Tum
572 1908 775 2005 conquisita
791 1932 875 1980 cum
889 1909 971 1993 intet

249 2035 286 2092 et
312 2020 433 2091 omnia
459 2016 636 2119 adempta.
659 2018 887 2091 'translatum
916 2018 971 2091 dei

247 2131 397 2226 Ligures
422 2126 583 2215 bellum,
612 2128 677 2210 qui
701 2128 739 2198 in
763 2152 888 2190 „mmm
916 2131 968 2166 Ν·
