2722 5040
194 820 264 906 432
617 822 656 887 r.
689 824 828 891 mvn
1105 805 1227 918 tata

193 949 266 1017 vim
287 947 484 1030 miseruut,
512 964 594 1012 cum
621 943 718 1038 gravi
744 944 885 1031 edicto,
912 966 960 1015 ne
987 960 1256 1018 reverterentur

194 1059 271 1130 sine
290 1082 341 1128 ea.
368 1058 489 1145 Quum
510 1053 583 1151 jam
608 1054 969 1151 appropinquabant,
988 1057 1088 1126 Poris
1105 1056 1254 1152 quidem

193 1168 239 1238 ad
252 1167 494 1238 hortationem
505 1163 679 1260 remigum
693 1177 977 1263 nautarumque⁷
991 1168 1151 1238 intentus
1162 1181 1254 1255 erat3

193 1277 375 1351 interdum
399 1299 528 1345 manus
547 1272 594 1345 ad
617 1272 742 1345 caelum
764 1276 918 1347 tendens
933 1276 1039 1364 deos,
1062 1292 1104 1348 ut
1119 1276 1256 1349 ferrent

194 1412 324 1486 opem,
342 1383 478 1456 orabat.
508 1389 622 1454 Ferox
644 1385 788 1456 interim
806 1384 956 1475 femina,
975 1386 1021 1458 ad
1038 1387 1154 1458 multo
1171 1403 1256 1457 ante

195 1497 465 1596 praecogitatum
478 1492 641 1564 revoluta
655 1491 791 1566 facinus
799 1491 827 1584 ⁸,
843 1521 1023 1568 venenum
1040 1497 1164 1584 diluit,
1182 1497 1256 1568 fer-

192 1632 350 1704 rumque
368 1605 522 1703 promit,
543 1618 600 1692 et,
618 1607 738 1703 posito
760 1607 797 1676 in
816 1622 1010 1706 conspectu
1030 1608 1160 1705 poculo
1178 1610 1257 1679 stri-

195 1720 333 1815 ctisque
348 1715 494 1815 gladiis,
509 1743 526 1778 α
539 1715 658 1801 Mors,
673 1716 808 1812 inquit,
822 1741 895 1787 una
909 1717 1065 1788 vindicta
1081 1728 1166 1787 est9.
1182 1719 1256 1787 viae

194 1827 269 1897 aad
288 1839 444 1896 mortem
463 1823 517 1893 hai
533 1839 639 1893 sunt:
655 1849 726 1921 qua
742 1850 925 1923 quemque
941 1828 1081 1898 animus
1097 1825 1188 1913 fert,
1210 1824 1258 1897 es·

193 1967 210 2001 a
225 1936 337 2035 fugite
359 1933 563 2033 superbiam
587 1935 731 2031 regiam.
758 1937 882 2032 Agite,
899 1937 1050 2031 juvenes
1072 1938 1161 2022 mei,
1186 1936 1257 2034 pri·

195 2078 211 2112 ι(
225 2071 347 2130 mum,
366 2046 430 2142 qui
444 2044 598 2138 majores
612 2046 715 2129 estis,
735 2047 853 2143 capite
866 2044 1023 2133 ferrum,
1039 2060 1101 2117 aut
1115 2045 1256 2116 haurite

195 2191 211 2224 a
226 2157 415 2257 poculum,
430 2157 459 2226 si
472 2155 617 2253 segnior
630 2179 728 2226 mors
739 2156 840 2248 juvat
853 2186 878 2225 u.
899 2162 943 2227 Et
958 2155 1080 2226 hostes
1092 2153 1256 2239 aderant,

196 2283 233 2343 et
251 2282 378 2338 auctor
397 2265 523 2335 mortis
540 2262 705 2335 instabat.
731 2265 801 2335 Alii
819 2265 888 2337 alio
909 2266 983 2336 leto
1001 2263 1181 2362 absumpti
1201 2290 1258 2335 se-

196 2379 384 2448 mianimes
404 2401 424 2446 e
446 2398 537 2446 nave
561 2375 846 2473 precipitantur,
870 2377 947 2474 ipsa
969 2374 1122 2461 deinde,
1140 2376 1256 2444 virum

195 2488 363 2558 comitem
380 2486 506 2555 mortis
523 2472 729 2581 complexi,
742 2487 781 2557 iu
794 2510 893 2557 mare
910 2511 988 2557 sese
1000 2485 1141 2580 dejecit.
1160 2489 1258 2555 Nave

197 2620 308 2668 vacua
326 2593 483 2665 dominis
499 2594 586 2688 regii
604 2595 710 2691 potiti
729 2610 824 2666 sunt.

245 2711 288 2775 V.
315 2703 431 2796 Hujus
447 2702 614 2772 atrocitas
629 2700 799 2775 facinoris
818 2729 947 2775 novam
963 2706 1062 2776 velut
1078 2703 1258 2774 flammam

196 2816 291 2911 regis
309 2811 449 2883 invidiae
465 2809 615 2905 adjecit,
636 2827 678 2883 ut
695 2814 803 2911 vulgo
822 2815 940 2911 ipsum
958 2814 1162 2912 liberosque
1181 2815 1260 2908 ejus

198 2936 468 2996 exsecrarentur
480 2933 503 2991 ¹.
526 2923 615 3009 Quae
632 2921 716 2992 dirae
734 2921 835 2993 brevi
853 2923 899 2994 ab
917 2923 1087 2995 omnibus
1108 2922 1175 2995 diis
1197 2949 1258 2995 ex-

197 3034 348 3118 auditae,
366 3047 407 3103 ut
431 3032 568 3102 saeviret
591 3033 669 3129 ipse
692 3034 730 3101 in
754 3057 861 3103 suum
879 3035 1110 3130 sanguinem,
1131 3031 1259 3104 effece-

196 3159 294 3217 runt.
327 3148 474 3214 Perseus
502 3142 620 3228 enim,
652 3166 765 3238 quum
795 3143 833 3211 in
861 3141 937 3212 dies
961 3143 1071 3238 magis
1097 3155 1260 3212 cerneret

194 3251 357 3326 favorem
380 3249 664 3347 dignitatemque
686 3251 861 3322 Demetrii
882 3248 1000 3321 fratris
1022 3250 1116 3347 apud
1141 3253 1259 3321 Mace·

199 3361 337 3434 donum
356 3356 625 3429 multitudinem
647 3383 827 3447 crescere,
848 3375 884 3430 et
904 3361 1049 3455 gratiam
1071 3360 1168 3458 apud
1186 3366 1261 3430 Ro·

198 3496 343 3557 manos,
362 3467 430 3540 sibi
443 3491 544 3565 spem
560 3468 695 3539 nullam
711 3471 813 3568 regni
830 3494 1038 3567 superesse,
1052 3470 1120 3539 nisi
1134 3471 1171 3538 in
1187 3494 1261 3539 sce-

199 3584 292 3668 lere,
312 3594 428 3660 ratus,
446 3575 491 3647 ad
508 3576 545 3649 id
566 3602 679 3650 unum
698 3603 825 3650 omnes
843 3580 1079 3674 cogitationes
1092 3576 1259 3648 intendit.

197 3838 561 3893 addiscendam.ssetraheudam
568 3839 711 3888 emendabat
790 3857 814 3903 9.
826 3842 892 3889 Mors
907 3854 972 3897 una,
984 3839 1068 3896 unica,
1082 3836 1193 3887 uindicta
1210 3850 1262 3892 est,·

199 3923 274 3973 Perit.
298 3919 346 3968 Sed
359 3930 488 3982 utrumque
506 3920 606 3967 verbum
624 3919 710 3968 codem
753 3920 1044 3978 vidend11,5,n.14.

200 4019 271 4051 sensu
292 4000 323 4049 de
344 3998 453 4062 fugitivis
476 4015 508 4046 ex
528 3999 586 4062 fuga
604 3999 711 4048 reductis
788 4000 894 4048 ΕΔΗ.
909 3998 1061 4062 1.Utuu1go
1076 3997 1262 4061 ipsumliberos-

199 4081 312 4144 usurpan'
327 4079 399 4126 docet
410 4077 484 4125 an.
496 4077 526 4124 ad
537 4079 574 4134 11,
589 4092 633 4134 12,
645 4094 669 4126 n.
683 4087 711 4140 4,
754 4095 801 4142 que
819 4080 869 4144 ejus
885 4089 1083 4126 exsecrarentur:
1097 4076 1206 4124 Roclliua
1224 4077 1265 4123 ob

199 4172 223 4208 et
234 4161 327 4218 XXX,
343 4173 387 4212 ια,
397 4173 422 4203 n.
435 4173 459 4203 2·
754 4170 846 4217 serrat,
856 4174 907 4205 nou
919 4157 997 4204 rideri
1008 4156 1060 4204 haec
1075 4157 1101 4202 in
1115 4156 1264 4204 Demetrium

236 4256 259 4298 7.
281 4236 327 4285 Ad
345 4235 506 4283 hortationem
529 4233 645 4298 remigum
666 4252 710 4291 u.,·
755 4236 979 4295 convenire‚cujus
991 4237 1098 4283 favorem
1111 4234 1265 4298 dignitatem·

199 4315 349 4365 vide-‘tdSiL
360 4316 410 4369 XI·
422 4313 480 4367 438·
754 4333 801 4378 que
810 4316 896 4363 indies
905 4315 981 4378 magis
990 4316 1105 4372 crevisse,
1115 4331 1175 4362 mox
1184 4329 1261 4360 narra·

234 4399 258 4443 8.
280 4393 323 4441 Ad
341 4391 417 4441 multo
441 4402 499 4436 ante
523 4392 711 4456 proecogitatum
754 4394 932 4445 bitLiviunTt
945 4395 996 4460 ejus
1012 4395 1106 4442 exsulat
1120 4393 1151 4440 nb
1165 4409 1178 4452 7
1193 4392 1264 4440 MSS.

198 4476 272 4540 (vide
283 4472 315 4519 ad
326 4472 379 4527 tx,
392 4470 423 4517 23
433 4504 440 4526 ‚
451 4485 478 4517 n.
491 4485 500 4515 t
513 4467 630 4533 )saeiuus
644 4489 710 4522 reuo-
755 4473 886 4535 Antraque
901 4473 950 4535 leg.
965 4484 992 4520 nt
1002 4473 1077 4536 vulgo
1092 4472 1170 4534 r'psum
1178 4470 1266 4530 sermmr'

197 4557 265 4605 licta.
279 4550 377 4598 rediens
389 4560 476 4597 mente.
755 4549 927 4615 inferioresque
935 4548 1267 4609 exsecrarentur-'Quod
