2722 5040
171 876 288 994 tta:
414 899 566 967 mnan
596 902 675 968 xa.
701 900 808 967 car.
837 900 937 967 xvr.
1134 899 1201 997 457

186 1025 280 1092 XVI.
301 1020 446 1090 Dicenti
464 1019 537 1090 haec
552 1019 714 1116 lacryma
728 1016 1014 1116 simulspiritum
1030 1037 1066 1092 et
1081 1048 1206 1094 vocem

142 1133 422 1206 intercluserunt
438 1143 462 1201 ¹.
493 1131 701 1228 Philippus,
732 1129 908 1203 submotis
933 1133 995 1213 iis,
1025 1133 1207 1230 paulisper

141 1243 374 1341 colloquutus
400 1268 483 1314 cum
506 1243 650 1329 amicis,
677 1243 953 1338 pronuntiavit:
978 1247 1063 1333 Non
1085 1244 1206 1315 uerbis

140 1379 196 1443 se,
217 1381 285 1426 nec
303 1360 411 1425 unius
430 1354 533 1424 boroe
550 1353 822 1449 disceptatione,
842 1377 992 1424 cautam
1010 1377 1133 1424 eorum
1154 1355 1206 1424 di-

133 1466 398 1561 J'udicaturum,
417 1464 485 1535 sed
495 1461 711 1561 inquirendo
727 1469 764 1532 in
780 1469 966 1561 utriusque
978 1470 1112 1551 uitam,
1132 1491 1207 1534 mo-

141 1600 216 1661 res,
234 1592 271 1646 et
287 1575 383 1646 dicta
393 1576 576 1671 factaque
597 1579 634 1643 in
653 1579 796 1669 magnit
805 1581 1003 1673 parvisque
1022 1576 1128 1647 rebus
1146 1576 1208 1648 ob·

141 1686 348 1758 servando:
379 1699 420 1755 ut
448 1683 619 1761 omnibus
648 1698 859 1781 appareret,
891 1686 1007 1755 noctis
1035 1672 1208 1782 proximae

142 1799 278 1869 crimen
302 1794 406 1867 facile
430 1796 627 1881 revictum,
645 1808 845 1893 suspectam
867 1797 1013 1866 nimiam
1035 1822 1116 1868 cum
1136 1803 1208 1868 Ro·

141 1908 256 1978 mauis
273 1907 447 1978 Demetrii
461 1907 610 2003 gratiam
626 1929 712 1976 esse.
729 1912 828 1989 Haec,
843 1906 924 1976 vivo
940 1906 1129 2004 Philippo,
1146 1933 1208 1979 ve·

143 2014 195 2088 lut
210 2017 346 2088 semina
362 2017 455 2110 jacta
474 2031 559 2086 sunt
577 2015 800 2087 Macedonici
814 2015 917 2102 belli,
935 2016 1036 2112 quod
1054 2020 1208 2089 maxime

142 2150 224 2199 cum
245 2131 375 2198 Perseo
395 2125 595 2224 gerendum
617 2141 703 2198 erat.
725 2127 901 2198 Consules
918 2127 1026 2199 ambo
1045 2129 1083 2199 in
1102 2131 1208 2225 Ligu·

142 2261 219 2325 res,
240 2252 420 2335 quactum
438 2261 510 2308 una
530 2237 728 2308 consularis
745 2237 927 2334 provincia
947 2251 1041 2322 erat,
1064 2236 1208 2334 profici-

142 2362 312 2433 suuntur,
330 2361 388 2432 et,
408 2349 493 2445 quia
511 2370 685 2444 prospere
703 2345 754 2415 ibi
773 2371 830 2417 res
846 2362 1053 2442 gesserunt,
1074 2346 1209 2443 suppli-

143 2457 235 2530 catio
253 2457 290 2527 in
312 2481 427 2527 unum
447 2456 541 2528 diem
563 2455 706 2527 decreta
725 2470 786 2526 est.
809 2458 981 2554 Ligurum
1004 2457 1078 2528 duo
1098 2454 1209 2526 millia

143 2564 217 2637 fere
231 2564 277 2637 ad
291 2582 492 2637 extremum
508 2565 619 2635 finem
634 2567 825 2663 provinciae
840 2565 963 2637 Gallim
973 2577 1001 2654 ²,
1017 2567 1081 2638 ubi
1095 2581 1210 2638 castra

141 2676 333 2748 Marcellus
345 2676 521 2763 habebat,
538 2689 740 2762 venerunt,
757 2678 811 2747 uti
826 2678 1092 2775 reciperentur,
1107 2702 1208 2748 oran-

143 2800 208 2858 tes.
234 2787 445 2872 Marcellus,
470 2787 631 2884 opperiri
658 2786 784 2857 eodem
814 2787 896 2859 loco
920 2789 1115 2886 Liguribus
1131 2790 1208 2882 jus-

144 2898 207 2984 sis,
224 2913 387 2969 senatum
408 2922 473 2995 per
488 2898 608 2969 literas
626 2897 820 2967 consuluit.
841 2902 994 2971 Senatus
1011 2897 1208 2970 rescribere

144 3012 191 3079 M.
207 3009 405 3106 Ogulnium
417 3023 605 3105 praetorem
621 3008 791 3079 Marcello
801 3009 925 3103 jussit:
944 3015 1070 3080 Verius
1071 3012 1206 3099 fuisse,

144 3115 344 3205 consules³,
363 3143 517 3215 quorum
530 3124 721 3215 provincia
740 3135 847 3201 esset,
867 3144 979 3215 quam
997 3144 1056 3201 se,
1080 3117 1209 3212 quide

146 3228 331 3327 republica
345 3231 466 3312 esset4,
481 3228 671 3299 decernere
685 3254 695 3295 .·
714 3244 789 3298 tum
802 3254 948 3326 quoque
960 3253 1034 3299 non
1040 3228 1207 3326 placere,

143 3344 265 3436 siper
288 3336 505 3409 deditionem
536 3342 683 3434 Ligures
714 3345 861 3436 recipiet
870 3337 895 3423 ⁵,
927 3346 1076 3437 receptis
1103 3364 1208 3408 artua

178 3529 238 3578 cir.
249 3528 320 3575 XVI.
335 3545 357 3575 r.
366 3528 479 3593 Spiritum
489 3541 513 3576 et
520 3545 607 3577 vocem
620 3528 654 3575 iu·
698 3529 781 3576 saltem
794 3547 849 3577 cum
861 3533 937 3579 Gron.
951 3532 998 3595 leg.
1008 3532 1124 3596 reciperet
1134 3532 1209 3596 (Mar-

145 3607 317 3664 tereluserurtt,·
329 3608 385 3656 ride
394 3609 425 3656 ad
439 3610 538 3665 xxm,
551 3625 576 3667 p,
585 3624 611 3656 n.
626 3608 652 3655 5.
698 3608 782 3672 cellos)
803 3623 845 3659 eut
864 3611 997 3675 reciperent
1015 3609 1164 3677 (consules),
1184 3622 1208 3657 et

144 3712 179 3722 -
199 3686 298 3744 Vitam,
321 3704 397 3736 mores
425 3682 580 3746 tuitiense.
607 3688 654 3735 nisi
699 3690 786 3738 delude
807 3706 846 3737 eos
869 3691 906 3737 ud
924 3692 1117 3755 consrdes(nam
1142 3701 1207 3738 uter·
1308 3739 1309 3742 ,

144 3764 189 3829 leg.
212 3765 292 3813 vitam
310 3783 340 3814 ae
355 3785 449 3827 mores,
466 3778 494 3815 ut
512 3781 571 3814 mox
587 3767 654 3814 dieta
698 3785 746 3833 que
757 3770 841 3818 consul
856 3770 953 3834 Ligures
967 3770 1119 3836 provinciam
1128 3769 1209 3817 sortiti

135 3841 278 3909 sectuque,-
290 3845 355 3893 Dulr.
698 3859 766 3896 erant
777 3851 786 3913 )
796 3849 887 3896 remitti
892 3868 902 3905 ,·
912 3849 969 3898 ride
981 3850 1013 3897 ad
1030 3852 1069 3907 11,
1080 3865 1111 3896 22
1121 3886 1128 3907 ,
1140 3866 1166 3897 u.
1184 3858 1208 3904 4.

179 3939 204 3972 a.
231 3924 274 3970 Ad
293 3937 427 3973 extremum
443 3925 523 3993 fiuent
548 3926 654 3982 Gallim
698 3931 801 3977 Senatus
810 3928 862 3977 baec
872 3932 915 3977 trit
928 3929 1045 3977 Marcello
1055 3929 1153 3976 rescribi
1160 3930 1210 3988 jue

144 4000 200 4049 rltle
214 4003 245 4050 ed
256 4004 296 4060 11,
307 4013 353 4064 49,
364 4022 389 4053 ιι.
403 4021 443 4053 ιο.
697 4007 744 4056 sit:
754 4011 833 4073 ptimo
845 4008 993 4073 oportuisse,
1008 4019 1035 4056 ut
1046 4008 1077 4056 de
1090 4010 1158 4056 omni
1167 4026 1209 4056 ue-

178 4080 203 4128 3.
216 4080 299 4128 Verius
301 4081 382 4146 fiu'sse
386 4119 395 4141 ,
406 4084 527 4132 consuler.
536 4118 556 4132 ..
572 4084 653 4132 decer·
697 4089 765 4150 gotio
775 4088 859 4152 potius
870 4089 997 4146 cumules,
1011 4105 1083 4152 quam
1096 4104 1134 4145 ee,
1149 4105 1208 4136 cou-

143 4174 217 4216 uere,·
231 4159 287 4208 ride
298 4161 329 4208 ad
344 4164 369 4209 II
379 4196 386 4220 ,
396 4165 428 4218 48
437 4197 445 4220 ,
454 4180 480 4211 n.
490 4181 515 4212 2.
698 4169 810 4218 ualuisset
819 4182 825 4216 :
835 4169 944 4218 mundo
956 4170 1072 4233 quonium
1087 4181 1166 4217 tamen
1177 4168 1207 4214 ad

144 4319 172 4376 1,
186 4333 230 4380 η,
241 4334 267 4366 n.
279 4319 303 4367 5.
699 4338 723 4374 te
733 4345 759 4376 se
775 4328 921 4378 dedentibus
936 4345 1000 4377 erma
1016 4345 1067 4376 non
1081 4327 1208 4375 adimenda

179 4395 204 4445 5.
220 4397 279 4445 Nori
289 4398 404 4463 plaeere,
419 4400 441 4447 si
452 4418 498 4465 per
508 4400 654 4450 deditionem
698 4422 763 4457 aare:
778 4411 849 4458 tertio
864 4425 914 4457 non
926 4405 1084 4463 Marcellum,
1097 4406 1140 4453 ted
1151 4420 1209 4452 oon·

144 4473 242 4540 Ligures
255 4479 355 4543 recipiet
359 4497 371 4537 ‚-
381 4481 479 4544 qnidam
490 4484 565 4544 MSS,
576 4483 618 4531 alii
630 4495 654 4532 et
697 4486 761 4535 sales
770 4503 918 4552 cogrmeeere
930 4487 1033 4539 debera.
1042 4497 1122 4533 uuum
1136 4483 1208 4544 ligu-

143 4552 202 4603 ott.
214 4567 278 4605 tritt.
289 4573 338 4605 nort
344 4557 445 4622 plaeere
455 4560 516 4619 siti,
526 4578 574 4627 per
585 4563 611 4612 d.
627 4565 653 4611 t.
698 4579 736 4611 m
754 4565 781 4613 iu
796 4566 947 4615 deditione·
960 4563 1098 4627 accipiendi
1111 4562 1209 4619 foranu

144 4631 219 4696 recipi
230 4644 256 4682 et
272 4635 384 4700 neeptis,
405 4648 450 4687 ete.
468 4640 531 4690 forte
549 4641 654 4690 rectius:
698 4641 833 4690 Drakenb-
