2722 5040
174 724 302 836 ὂῖῖςὶἓζῑ
383 729 531 813 traua
562 746 740 813 xxxix.
768 747 874 814 cle.
901 745 994 812 ivr.
1138 750 1202 829 ιω

148 863 307 935 secunda
321 887 402 934 cum
417 863 604 936 Celtiberis
623 863 723 951 lecit,
742 879 778 935 et
792 863 944 961 oppida,
960 890 1039 960 quae
1055 864 1104 935 ibi
1118 889 1208 937 corn·

148 974 372 1060 munierant,
398 972 536 1068 aliquot
556 976 782 1071 expugnavit.
800 974 959 1045 Ulterior
977 975 1147 1072 Hispania
1165 1000 1209 1045 eo

146 1106 245 1154 anno
263 1084 302 1151 in
320 1105 408 1179 pace
426 1080 515 1169 fuit,
538 1085 623 1179 quia
642 1097 678 1155 et
699 1089 737 1154 P.
759 1085 993 1181 Sempronius
1012 1086 1209 1182 proconsul

146 1190 290 1264 diutino
314 1190 445 1263 morbo
468 1208 522 1264 est
547 1194 763 1291 implicitus,
786 1207 841 1282 et,
864 1193 967 1264 nullo
991 1193 1208 1282 lacessente,

147 1317 421 1400 peropportune
444 1303 661 1398 quieverunt
676 1303 847 1373 Lusitani.
866 1307 942 1373 Nec
960 1303 997 1371 in
1017 1301 1210 1399 Liguribus

147 1410 380 1484 memorabile
406 1412 605 1509 quidquam
632 1436 652 1482 a
680 1415 724 1502 Q.
749 1410 860 1482 Fabio
885 1410 1034 1483 consule
1055 1425 1205 1507 gestum.

146 1525 194 1591 Μ.
213 1520 425 1610 Marcellus,
448 1545 492 1592 ex
510 1524 612 1593 Istria
627 1538 835 1606 revocatus,
859 1523 1019 1593 exercitu
1040 1521 1207 1610 dimisso,

145 1634 297 1702 Romam
329 1633 557 1703 comitiorum
587 1657 692 1704 causa
722 1632 838 1703 rediit.
872 1635 1014 1703 Creavit
1042 1634 1209 1705 consules

147 1743 212 1810 Cn.
239 1738 421 1811 Baebium²
446 1742 676 1840 Tamphilum
705 1757 741 1813 et
768 1746 807 1812 L.
833 1742 1012 1813 AEmilium
1035 1744 1206 1814 Paullum.

146 1852 240 1919 Cum
262 1852 310 1919 Μ.
329 1850 468 1921 AEmilio
492 1851 630 1950 Lepido
654 1850 713 1922 hic
737 1851 846 1922 aedilis
871 1852 1006 1922 curulis
1029 1850 1166 1924 fuerat:
1189 1881 1209 1924 a

146 1981 222 2054 quo
239 1955 415 2030 consule³
435 1963 720 2056 quintusannus
739 1975 834 2047 erat,
858 1986 972 2058 quum
997 1964 1028 2032 is
1048 1964 1124 2059 ipse
1145 1969 1209 2036 Le-

146 2063 253 2162 pidus
268 2082 351 2165 post
364 2066 452 2138 duas
466 2069 626 2165 repulsas
641 2070 768 2140 consul
787 2069 901 2141 factus
915 2084 1017 2141 esset.
1038 2076 1208 2142 Praetores

145 2173 333 2248 indefecti
353 2180 397 2269 Q.
419 2179 563 2250 Fulvius
584 2178 749 2264 Flaccus,
771 2183 820 2249 Μ.
842 2180 1004 2251 Valerius
1025 2182 1207 2268 Laevinus,

145 2292 180 2357 P.
205 2288 361 2360 Manlius
380 2291 529 2378 iterum,
551 2295 598 2361 M.
624 2290 801 2388 Ogulnius
821 2289 964 2377 Gallus,
986 2293 1025 2358 L.
1047 2290 1207 2360 Caecilius

143 2401 302 2487 Denter,
322 2403 361 2470 C.
380 2401 568 2471 Terentius
579 2405 679 2471 Istra.
695 2400 918 2498 Supplicatio
933 2413 1096 2470 extremo
1111 2425 1207 2470 anno

146 2506 213 2577 suit
231 2507 476 2606 prodigiorum
501 2535 631 2597 causa,
654 2511 753 2606 quod
775 2511 948 2607 sanguine
968 2534 1034 2608 per
1052 2509 1205 2581 biduum

145 2617 278 2714 pluisse
290 2621 326 2688 in
341 2644 422 2692 area
436 2620 646 2692 Concordiae
659 2622 743 2691 satis
755 2619 969 2707 credebant,
983 2622 1204 2695 nuntiatum·

144 2752 218 2824 que
235 2744 328 2814 erat,
351 2729 448 2801 haud
469 2730 596 2827 procul
613 2730 731 2806 Sicilia
745 2730 920 2815 insulam,
937 2755 1018 2827 quae
1032 2755 1106 2801 non
1123 2744 1205 2801 ante

145 2836 280 2926 iuerat,
303 2865 432 2911 novam
452 2841 583 2912 editam
603 2867 622 2912 e
642 2843 730 2914 mari
747 2843 861 2913 esscl.
883 2839 1122 2911 Hannibalem
1136 2839 1205 2911 boc

144 3058 200 3104 loco
212 3057 347 3122 proconsul
359 3058 443 3120 legunt
461 3075 549 3107 novem
567 3060 649 3122 scripti
695 3061 840 3120 XXXVIII,
850 3059 892 3119 35,
902 3067 948 3117 423
958 3061 1011 3113 XL,
1022 3059 1204 3112 46.-1³.rtan-

124 3136 244 3205 aeliqui,
262 3152 365 3201 quorum
385 3153 459 3201 penes
477 3153 515 3184 me
537 3149 650 3202 excerpta
695 3139 740 3186 lias
759 3139 863 3193 iterum
884 3138 1021 3201 suspiratur
1039 3136 1153 3199 Sigonius
1175 3136 1201 3182 lu

144 3227 214 3278 sunt,
233 3217 333 3263 Ileamii
352 3218 378 3267 L.
393 3232 417 3273 1,
437 3228 461 3265 et
479 3217 563 3264 excusi
583 3217 650 3264 Aldo
695 3229 752 3267 nota
760 3218 792 3265 ad
803 3234 825 3264 c.
840 3215 934 3276 16‚lib.
944 3232 994 3278 seq.
1006 3213 1072 3261 huuc
1081 3214 1200 3261 Manlium

144 3295 266 3356 priores.»
278 3293 395 3342 Observat
408 3295 473 3343 idem
491 3295 530 3341 vir·
548 3295 650 3354 doctus,
694 3313 744 3344 esse
759 3312 828 3356 eum,
847 3310 919 3357 quem
938 3291 1080 3341 Plutarchus
1097 3291 1139 3355 (in
1159 3292 1203 3340 Cs-

144 3389 186 3421 eos
205 3375 248 3436 qni
269 3373 316 3422 hoe
340 3386 448 3440 tempore
469 3391 525 3423 cum
548 3374 650 3438 irnperio
696 3388 767 3432 rone,
780 3392 806 3439 p.
815 3373 1023 3435 346)Manilium
1037 3383 1119 3427 vorat,
1133 3383 1157 3419 et
1170 3372 1201 3418 ab

146 3452 286 3516 Hispaniam
305 3453 462 3511 obtinebant,
484 3453 573 3517 sapius
590 3469 651 3515 pron
693 3469 723 3500 eo
744 3467 844 3499 censore
863 3461 947 3498 senatu
972 3461 1064 3497 motum
1087 3465 1138 3497 esse
1155 3451 1201 3507 ait,

143 3532 250 3580 camales
272 3543 387 3591 vocatos,
413 3533 470 3581 licet
488 3542 649 3596 pmpraetores
693 3547 767 3594 quum
782 3531 832 3591 jem
850 3528 1004 3576 consulatum
1017 3529 1147 3592 adepturus
1164 3530 1201 3575 ri-

145 3610 285 3668 tenuaret
294 3626 326 3658 ex
336 3623 441 3675 praetura
453 3611 581 3674 imperIum
590 3610 649 3672 Ipsis
693 3610 797 3658 deretur.
819 3611 888 3656 IIsnc
907 3607 972 3655 enim
989 3607 1120 3656 secundam
1138 3626 1199 3672 prae-

143 3690 303 3752 prorogatum
315 3689 396 3747 Ioret,
413 3689 480 3754 quod
491 3700 515 3735 et
527 3704 573 3736 nos
586 3687 649 3734 vidi·
693 3700 770 3737 tursm
784 3688 881 3752 petiisse
895 3686 970 3733 videri
983 3698 1080 3751 potest,
1100 3697 1126 3733 ut
1140 3689 1200 3735 reci-

143 3784 197 3815 mus
205 3767 237 3815 ad
243 3770 363 3827 XXVIII,
375 3771 416 3827 38,
426 3787 451 3817 n.
463 3777 486 3824 t.
498 3768 648 3816 lin-Ibero
694 3780 761 3835 peret
772 3769 919 3815 senatorium
927 3766 1025 3812 locum:
1037 3767 1105 3829 quod
1118 3768 1201 3815 iecisse

134 3846 442 3911 fl.,irtagrnAnsetaao,·
461 3848 511 3894 vid.
521 3848 650 3908 mat,
695 3848 721 3894 P.
739 3846 867 3895 Lentulum
890 3844 964 3892 indit
981 3844 1044 3904 Dio,
1061 3847 1201 3908 XXXVII,

142 3941 167 3973 n.
182 3940 203 3971 1.
213 3952 248 3961 —-
259 3926 364 3974 Ulterior
372 3927 493 3991 Hispania
504 3938 568 3974 recte
581 3927 647 3974 Glar.
695 3943 720 3991 p.
734 3926 782 3986 ⁴3,
797 3941 852 3971 eum
864 3923 1121 3986 quipraet01·iterum,
1139 3940 1198 3972 ron·

141 4004 251 4067 reposuit
260 4021 305 4068 pro
314 4005 418 4054 citerior.
428 4008 512 4054 Posses
522 4016 547 4053 et
555 4007 648 4054 Cretera
692 4005 745 4052 sule
753 4004 870 4052 Cicerone
880 4036 887 4060 ,
901 4002 1079 4051 intercatilinae
1089 4004 1200 4051 conscios

142 4082 280 4144 IIr'sparria,·
289 4085 363 4132 Drek.
693 4093 771 4133 morte
783 4097 867 4145 poenas
882 4080 958 4128 dedit.
969 4083 1013 4129 En.

178 4178 202 4210 a.
223 4163 318 4210 Creavr't
339 4165 446 4212 consides
465 4164 583 4219 Baebium,
600 4175 647 4211 etc.
729 4169 754 4215 t.
775 4160 852 4206 Hand
872 4160 961 4223 procer!
975 4159 1058 4207 Sicilia
1078 4161 1197 4221 insulam,

142 4240 198 4288 vide
209 4241 240 4288 sd
252 4244 315 4301 VII,
333 4245 378 4302 16,
389 4259 413 4290 n.
422 4245 446 4290 6.
692 4254 748 4302 quae
756 4238 863 4285 nondam
874 4249 932 4285 ante
937 4236 1038 4301 ficerat,
1052 4255 1139 4286 acram
1148 4243 1198 4289 edi-

177 4320 201 4367 3.
213 4324 238 4367 A
249 4337 297 4384 qao
311 4322 407 4368 consule
422 4321 488 4385 (vIde
498 4321 530 4368 ad
542 4322 581 4380 X,
600 4321 648 4379 31,
692 4331 743 4366 tarn
752 4333 765 4364 e
774 4318 838 4365 mari
845 4334 910 4374 esse;
928 4340 941 4358 ν
951 4318 1000 4366 vid.
1015 4319 1100 4378 Scrrlig.
1112 4320 1143 4366 ad
1152 4322 1200 4367 Eu·

141 4415 167 4446 u.
185 4398 227 4461 19)
243 4400 340 4463 quintas
356 4416 434 4447 annm
445 4411 499 4447 erat
509 4399 565 4458 hic,
574 4414 648 4462 quam
693 4397 742 4445 seb.
753 4398 844 4446 Chron.
853 4413 921 4445 num.
932 4400 1011 4456 1818,
1020 4407 1043 4442 et
1053 4399 1116 4444 Sam.
1128 4398 1199 4445 Petit.

141 4477 222 4540 (forte
235 4477 395 4543 quanquam)
411 4477 431 4526 is
446 4479 509 4543 ipse,
522 4492 569 4526 etc.
583 4477 647 4529 coni.
693 4476 803 4535 0bn.1,
818 4492 839 4526 ι.
850 4476 898 4525 Sed
910 4474 1041 4522 videndum
1052 4486 1103 4533 est,
1120 4491 1152 4522 an
1161 4491 1198 4523 re-
