2722 5040
169 827 238 899 556
592 832 630 898 T.
661 832 797 900 leu
847 812 856 832 '
1084 806 1209 919 ltu:

167 945 289 1018 favens
303 950 689 1046 imperatornm'causae
708 963 744 1020 et
759 947 898 1020 consuli
912 944 1083 1033 infestus,
1097 947 1236 1018 animos

168 1055 214 1128 ad
229 1082 302 1127 non
319 1057 521 1154 parendum
535 1057 700 1130 addebat.
719 1064 906 1130 Postremo
924 1055 1092 1155 fatigatus
1106 1057 1236 1127 consul

169 1183 205 1239 et
226 1166 454 1238 contumeliis
474 1170 720 1266 singulorum,
745 1183 781 1239 et
800 1166 1039 1239 multitudinis
1057 1168 1164 1263 (nam
1183 1170 1236 1236 in-

168 1301 279 1375 super
290 1276 510 1372 irridebant)
525 1277 707 1365 ludibriis,
724 1304 815 1349 nave
830 1278 975 1364 eadem,
989 1301 1062 1373 qua
1075 1291 1234 1364 venerat,

167 1386 370 1482 Aquileiam
383 1385 499 1457 rediit.
515 1386 604 1458 Inde
619 1387 763 1486 collegae
778 1389 938 1485 scripsit,
951 1401 992 1458 ut
1006 1387 1162 1458 militum
1175 1411 1236 1457 no-

166 1521 296 1567 vorum
310 1498 343 1567 ei
357 1498 471 1594 parti,
490 1523 570 1594 quae
589 1500 721 1596 scripta
735 1500 773 1569 in
788 1499 925 1570 Istriam
944 1499 1166 1596 provinciam
1183 1521 1236 1568 es-

167 1621 241 1696 set,
265 1607 441 1692 ediceret,
465 1608 665 1704 Aquileiam
693 1625 735 1680 ut
759 1609 987 1695 conveniret;
1016 1633 1061 1686 ne
1085 1606 1175 1705 quid
1197 1632 1235 1679 se

167 1722 290 1788 Romae
304 1731 462 1805 teneret,
483 1743 558 1815 quo
575 1721 716 1806 minus,
734 1721 826 1790 votis
841 1719 1075 1815 nuncupatis,
1088 1716 1236 1815 paluda-

166 1845 225 1900 tus
248 1829 294 1899 ab
315 1828 415 1900 Urbe
438 1830 560 1901 exiret.
585 1834 667 1901 Haee
690 1829 834 1927 collegae
858 1827 1104 1924 obsequenter
1124 1825 1234 1916 facta,

166 1939 359 2037 brevisque
377 1939 453 2012 dies
475 1940 520 2012 ad
536 1939 825 2012 conveniendum
845 1939 960 2009 edicta
979 1953 1043 2009 est.
1064 1936 1235 2008 Claudius

166 2074 282 2147 prope
303 2065 550 2146 consequutus
578 2065 632 2121 est
660 2048 780 2121 literas
804 2074 895 2121 suas.
921 2049 1105 2120 Concione
1131 2048 1235 2118 adve

166 2158 268 2230 niens
288 2157 334 2231 de
352 2159 487 2231 Manlio
506 2175 543 2232 et
561 2161 669 2231 Junio
689 2159 830 2243 habita,
855 2184 930 2229 non
957 2158 1051 2229 ultra
1072 2157 1234 2229 triduum

165 2285 326 2340 moratus
342 2274 485 2360 Romae,
504 2271 715 2370 paludatus,
736 2295 819 2342 cum
839 2267 1046 2356 lictoribus,
1068 2270 1234 2362 votisque

164 2380 202 2448 in
234 2379 411 2476 Capitolio
447 2382 691 2479 nuncupatis,
722 2382 760 2450 in
788 2380 1036 2478 provinciam,
1062 2401 1163 2474 aeque
1194 2402 1234 2448 ac

165 2489 286 2584 prins,
307 2491 481 2588 praecipiti
501 2491 682 2562 celeritate
702 2489 788 2560 abit.

213 2603 262 2669 XI
274 2600 380 2696 (XV)
394 2604 517 2673 Paucis
531 2616 614 2672 ante
629 2600 783 2672 diebust
787 2602 891 2672 unius
897 2598 1122 2695 Manliusque
1137 2599 1235 2696 oppi-

167 2709 252 2780 dum
268 2712 469 2781 Nesattium
480 2724 505 2798 ¹,
516 2738 591 2809 quo
604 2709 644 2782 se
657 2711 839 2809 principes
853 2714 1027 2781 istrorum
1041 2721 1077 2778 et
1089 2707 1234 2802 regulus

166 2819 244 2916 ipse
270 2818 400 2916 AEpulo
426 2836 633 2918 receperat,
662 2843 802 2891 summa
830 2820 861 2888 vi
888 2830 1156 2914 oppugnarunt.
1181 2820 1233 2886 Eo

166 2928 339 3001 Claudius
366 2928 507 3001 duabus
536 2930 740 3027 legionibus
770 2932 872 3001 novis
902 2927 1086 3016 adductis,
1114 2942 1233 2998 vetere

165 3040 326 3111 exercitu
338 3064 421 3110 cnm
436 3041 510 3111 suis
524 3039 678 3111 ducibus
694 3039 863 3124 dimisso,
881 3039 958 3135 ipse
972 3037 1150 3135 oppidum
1164 3039 1232 3108 cir·

166 3149 363 3238 cnmsedit,
381 3164 417 3221 et
433 3152 547 3222 vineis
564 3174 777 3248 oppugnare
797 3148 997 3235 intendit²;
1016 3171 1232 3244 amnemque

164 3259 468 3356 praeterfluentem
495 3263 651 3347 moenia,
680 3260 746 3356 qui
771 3273 806 3329 et
833 3257 1093 3355 impedimento
1121 3282 1233 3356 oppu-

165 3370 360 3467 gnantibus
379 3386 472 3460 erat,
493 3388 529 3444 et
547 3373 779 3468 aquationem
800 3371 899 3440 Istris
920 3366 1121 3466 praebebat,
1137 3369 1233 3439 mul-

164 3492 285 3549 torum
302 3480 441 3551 dierum
456 3506 566 3579 opere
584 3495 774 3580 exceptum
791 3504 888 3550 novo
906 3480 1007 3550 alveo
1027 3481 1164 3551 avertit.
1184 3484 1233 3551 Ea

165 3614 222 3661 res
240 3591 416 3664 Barbaros
433 3592 609 3665 miraculo
628 3592 757 3663 terruit
776 3589 940 3662 abscissae
959 3587 1109 3687 aquae³z
1132 3605 1168 3662 et
1187 3615 1233 3660 ne

166 3714 243 3770 tum
262 3703 412 3799 quidem
433 3729 611 3775 memores
630 3703 749 3801 pacis,
767 3705 804 3771 in
825 3702 958 3773 caedem
978 3702 1174 3799 conjugum
1193 3725 1235 3770 ac

199 3935 259 3984 Car.
284 3939 331 3985 x1.
354 3954 376 3987 1.
402 3939 522 4004 Oppidum
540 3940 678 3988 Nesattium
723 3935 1231 4002 viumqui,enno1665‚emendevitop·

166 4023 300 4063 extremum
319 4018 396 4066 Istriae
416 4018 541 4082 totiusque
554 4019 630 4066 lteliae
647 4018 679 4065 ad
718 4028 877 4082 pugnarunt,
892 4018 977 4082 qnod,
991 4029 1080 4081 praeter
1092 4014 1236 4076 Dotq'etium

166 4094 256 4142 ostium
265 4096 442 4156 Melanionis,
453 4097 513 4146 hou
525 4098 605 4146 Castel
614 4099 678 4145 Nnc·
723 4096 871 4146 recentiores
890 4096 997 4145 editores
1019 4095 1138 4158 recepisse
1160 4092 1234 4141 Dralt.

167 4192 195 4222 νο
217 4173 249 4221 ad
266 4176 351 4223 Aream
373 4176 398 4224 ll.
433 4177 482 4225 Sed
503 4177 680 4224 Nesactiume
723 4187 835 4227 testetur.
850 4180 896 4226 En.

168 4254 230 4301 Plin.
250 4255 301 4311 111,
317 4271 347 4315 19
362 4272 405 4302 seu
419 4256 467 4312 23,
486 4267 529 4303 ant
548 4257 680 4304 Nesaetum
744 4310 746 4314 Α
760 4272 784 4305 a.
797 4258 944 4322 Oppugnare
954 4252 1075 4310 intendit,·
1086 4251 1140 4300 vide
1149 4249 1181 4298 ad
1190 4250 1236 4306 lV,

169 4350 200 4380 ex
225 4333 287 4381 Ptol.
307 4336 356 4393 111,
382 4350 409 4393 t,
429 4333 558 4396 legendum
579 4347 679 4383 monent
728 4352 855 4398 19,n.1.

169 4413 266 4461 Cluver.
292 4426 316 4461 et
337 4412 424 4461 Cellar.
444 4439 477 4448 -
497 4413 608 4475 AEpnlo‚·
629 4415 678 4461 vid.
760 4417 786 4462 3.
799 4415 921 4462 Miraeulo
930 4412 1015 4459 terruit
1024 4411 1136 4457 abscissa:
1150 4407 1236 4471 (oppi-

170 4494 236 4542 Dulr.
250 4494 280 4542 ad
298 4494 361 4541 Flos.
374 4495 411 4549 ll,
429 4507 473 4548 ιο,
485 4491 500 4555 §
514 4492 537 4539 3.
550 4519 583 4528 -
599 4495 678 4557 Oppw
724 4493 758 4541 do
768 4492 777 4555 )
787 4509 877 4557 uque,-
887 4491 1010 4539 Dmlienb.
1022 4489 1123 4538 abscisa
1138 4487 1186 4550 legi
1196 4487 1235 4546 ju·

167 4585 245 4639 geram
263 4590 347 4621 omnes
366 4571 424 4621 editi
441 4587 516 4636 usque
534 4571 564 4619 ud
584 4573 680 4621 Grono·
726 4572 784 4633 bet;
805 4571 848 4634 sed
863 4571 919 4619 vide
931 4585 1004 4634 supra
1013 4569 1046 4617 ad
1056 4570 1105 4627 lV,
1117 4582 1148 4632 ¹9
1154 4601 1162 4627 ‚
1172 4581 1198 4614 n.
1213 4576 1237 4615 t.
