2722 5040
169 704 291 816 {13:332
387 722 481 797 Lm,
507 722 602 788 xm.
631 722 735 788 car.
763 723 827 788 xl.
853 725 938 790 xn.
1140 720 1210 820 557

144 839 342 912 liberorum
366 842 480 926 versi;
507 834 636 926 e'tiam,
659 855 701 911 ut
722 840 928 937 spectaculo
953 840 1119 915 hostibus
1138 859 1209 915 tam

143 950 281 1023 foedum
300 952 438 1024 facinus
457 966 566 1039 esset,
587 950 705 1049 palam
723 953 761 1022 in
782 954 892 1024 muris
909 953 1109 1025 trucidatos
1125 980 1210 1052 prae·

144 1063 349 1160 cipitabant.
383 1067 481 1132 Inter
508 1061 614 1132 simul
643 1063 965 1161 complorationem
994 1061 1210 1137 feminarum
1300 1148 1310 1165 .

143 1197 429 1270 puerorumque,
444 1172 549 1243 simul
563 1170 756 1244 nefandam
771 1173 921 1257 caedem,
936 1174 1083 1259 milites,
1100 1190 1222 1248 trans·

143 1285 254 1378 gressi
281 1309 449 1366 murum,
474 1282 650 1381 oppidum
677 1285 869 1356 intrarunt.
899 1286 1011 1382 Cujus
1038 1289 1133 1385 capti
1152 1304 1210 1359 tu·

142 1393 298 1464 multum
317 1410 358 1465 nt
372 1420 417 1465 ex
432 1395 563 1492 pavido
578 1394 733 1465 clamore
750 1393 966 1493 fugientium
982 1398 1118 1495 accepit
1131 1423 1211 1483 rex,

143 1505 283 1598 trajecit
295 1502 391 1575 ferro
405 1518 547 1602 pectus,
562 1531 608 1577 ne
622 1506 722 1574 vivus
735 1521 947 1602 caperetur:
964 1509 1083 1579 caeteri
1098 1510 1210 1607 capti,

142 1629 205 1685 aut
224 1615 343 1686 occisi.
364 1619 447 1685 Duo
470 1615 601 1686 deinde
625 1614 774 1712 oppida,
794 1615 921 1687 Mutila
938 1632 973 1689 et
991 1618 1156 1706 Faveria,
1174 1621 1210 1689 vi

143 1740 246 1822 capta
264 1739 301 1796 et
319 1724 447 1796 deleta.
467 1725 609 1812 Praeda,
633 1739 672 1795 ut
691 1726 728 1794 in
748 1741 855 1824 gente
873 1727 995 1823 inopi,
1015 1752 1078 1825 spe
1095 1730 1210 1824 major

142 1833 229 1922 fuit,
252 1849 288 1906 et
306 1837 425 1906 omnis
443 1835 622 1906 militibus·
636 1858 804 1905 concessa
823 1846 885 1905 est.
906 1836 1079 1930 Quinque
1100 1836 1211 1907 millia

143 1948 300 2043 capitum
316 1961 483 2018 sexcenta
498 1946 641 2043 triginta
655 1944 729 2014 duo
745 1944 813 2016 snb
828 1947 980 2014 coronal
997 1946 1209 2017 venierunt:
1262 1980 1274 1997 ·

143 2070 308 2126 auctores
321 2055 406 2128 belli
419 2057 526 2153 virgis
538 2057 615 2126 caesi
630 2109 640 2140 ,
661 2069 696 2125 et
709 2055 825 2125 securi
837 2056 1006 2153 percussi.
1020 2056 1123 2125 Istria
1135 2070 1211 2127 tota

143 2167 250 2236 trium
270 2166 488 2264 oppidorum
511 2165 651 2237 excidio
672 2179 708 2235 et
729 2179 845 2237 morte
868 2166 961 2263 regis
979 2157 1105 2262 pacata
1127 2181 1206 2237 est:

143 2299 341 2374 omnesque
362 2277 525 2373 undique
546 2276 694 2374 populi,
714 2274 902 2347 obsidibus
921 2276 1029 2362 datis,
1048 2278 1083 2345 in
1104 2275 1209 2347 ditio-

142 2412 226 2457 nem
251 2402 437 2458 venerunt.
465 2386 541 2458 Sub
566 2387 680 2457 Istrici
705 2385 815 2458 finem
835 2386 920 2458 belli
942 2385 1039 2484 apud
1059 2389 1209 2484 Ligures

142 2497 293 2567 concilia
311 2496 356 2567 de
374 2496 471 2567 bello
489 2494 616 2567 baberi
636 2487 764 2594 coepta.

190 2610 257 2676 ΧΠ
270 2607 393 2701 (XVI).
409 2607 460 2676 Ti.
468 2605 638 2685 Claudius
651 2605 858 2703 proconsul,
868 2609 931 2704 qui
945 2623 1077 2706 praetor
1089 2611 1208 2706 priore

143 2714 482 2803 annofuerat¹,cum
493 2714 659 2814 praesidio
671 2715 822 2813 legionis
834 2718 1035 2789 uniusPisis
1043 2734 1205 2817 pra-erat.

143 2826 256 2919 Cujus
277 2827 392 2897 literis
415 2841 560 2898 senatus
583 2827 714 2898 certior
738 2825 875 2916 factus,
897 2853 953 2898 eas
976 2830 1069 2925 ipsas
1089 2827 1209 2899 literas

143 2935 186 3005 ad
206 2940 245 3007 C.
268 2937 457 3007 Claudium
476 2939 580 3034 (nam
602 2938 691 3008 alter
712 2936 839 3007 consul
856 2937 926 3030 jam
950 2938 987 3004 in
1009 2935 1208 3005 Sardiniam

142 3046 353 3140 trajecerat)
381 3046 593 3120 deferendas
619 3062 761 3135 censet,
791 3060 827 3116 et
853 3045 973 3139 adjicit
995 3044 1206 3115 decretum:

141 3166 315 3254 quoniam
336 3167 440 3230 Istrm
452 3167 645 3258 provincia
665 3162 850 3248 constrata²
874 3171 978 3240 esset,
1001 3161 1035 3224 si
1055 3161 1091 3223 ei
1109 3154 1207 3226 vide·

142 3285 253 3351 retur,
268 3277 465 3341 exercitum
478 3272 727 3341 traduceretur
740 3272 893 3362 Ligures.
910 3263 1022 3335 Simul
1037 3289 1082 3334 ex
1096 3264 1208 3336 literis

142 3376 319 3465 consulis,
338 3403 427 3473 quas
448 3377 493 3450 de
510 3379 619 3450 rebus
643 3381 680 3446 in
703 3377 806 3448 Istria
819 3375 927 3472 gestis
944 3376 1151 3471 scripserat,
1169 3376 1206 3444 in

142 3486 294 3557 biduum
326 3488 539 3584 supplicatio
571 3489 724 3559 decreta.
757 3491 801 3558 Et
835 3488 880 3558 ab
913 3487 1027 3557 altero
1059 3488 1207 3559 consule

143 3596 194 3664 Ti.
215 3597 429 3698 Sempronio
450 3597 487 3665 in
513 3597 674 3668 Sardinia
693 3622 866 3695 prospere
884 3622 940 3668 res
957 3612 1074 3693 gestae.
1097 3604 1206 3671 Exer-

143 3705 254 3775 citum
270 3706 308 3774 in
326 3730 450 3802 agrum
469 3704 664 3777 Sardorum
683 3706 867 3779 Iliensium
886 3707 1038 3778 induxit.
1064 3709 1204 3782 Balaro-

143 3840 224 3885 rum
241 3839 370 3913 magna
387 3815 517 3885 auxilia
532 3816 723 3887 Iliensibus
740 3830 922 3888 venerant.
942 3819 1034 3886 Cum
1054 3833 1208 3917 utraque

144 3942 251 4023 gente
276 3927 383 4022 signis
405 3925 542 3999 collatis
570 3927 740 3998 conflixit.
762 3929 843 3997 Fusi
861 3924 1048 4025 fugatique
1067 3927 1207 4016 hostes,

145 4173 178 4184 -
190 4151 219 4194 In
233 4148 323 4194 coedem
336 4146 466 4211 conjugum
483 4163 514 4194 ac
527 4148 543 4196 l.
558 4164 585 4194 ν.
605 4158 652 4195 etc.
696 4147 746 4204 sul,
766 4147 810 4211 qni
825 4159 917 4212 proetor
925 4148 1012 4212 priore
1026 4165 1093 4196 anno
1102 4148 1206 4213 fuerat:

143 4225 467 4282 viderdXX1‚14,n.r.
697 4225 753 4273 vide
767 4225 799 4273 ad
813 4227 942 4284 mm,
957 4228 1005 4286 38,
1023 4244 1048 4275 n.
1067 4235 1090 4282 t.
1104 4253 1139 4262 —
1155 4229 1207 4275 Eas

179 4312 203 4357 4.
215 4304 262 4351 Sub
276 4319 368 4350 corona
386 4305 533 4361 vem'ernnt‚·
550 4306 653 4354 vidend
698 4304 763 4369 ipsas
776 4304 859 4353 literas
870 4324 880 4363 ,·
891 4307 1013 4370 posterior
1025 4321 1074 4353 vox
1086 4305 1206 4354 sortedel.
1234 4343 1236 4345 -

144 4386 277 4444 11,17‚n.
292 4384 391 4441 33111,
407 4383 529 4444 55‚n.a.
734 4402 757 4433 a.
772 4386 851 4434 Istrr'a
864 4385 991 4450 provincia
1009 4380 1137 4446 tonsorem·
1150 4384 1206 4434 vide

179 4464 237 4513 Car.
248 4464 306 4511 llll.
324 4478 346 4510 1.
362 4462 397 4512 ri.
415 4463 531 4512 Claudius
549 4480 654 4528 procon-
699 4464 728 4512 ad
738 4468 779 4521 Π,
792 4474 825 4521 to
836 4500 843 4520 ,
856 4481 880 4511 n.
895 4480 918 4526 q.
