2722 5040
969 576 986 603 fl

170 666 295 782 llll:
384 686 537 756 LIBER
568 685 968 755 xL1.cAP.xx111.
1139 681 1208 759 585

142 809 249 880 «lum
268 808 454 907 paravit⁷l
475 814 661 880 Bastarnas
683 807 841 905 primum
865 805 910 878 ad
932 822 1108 879 terrorem
1127 831 1210 880 om·

143 921 276 992 «nium
294 921 333 991 iu
353 917 567 990 Dardaniam
587 918 754 1004 immisit,
771 918 835 1014 qui
858 918 888 987 si
910 914 1031 988 sedem
1057 941 1135 988 eam
1156 931 1211 989 te·

142 1059 160 1094 a
173 1033 355 1116 nuissent,
382 1029 562 1127 graviores
591 1054 654 1101 eos
680 1026 817 1099 accolas
843 1026 979 1097 Graecia
1005 1024 1208 1115 habuisset,

141 1171 159 1205 a
172 1166 281 1238 quam
299 1142 381 1212 Asia
399 1138 522 1210 Gallos
539 1137 682 1211 habeat.
700 1144 752 1211 Ea
770 1142 834 1236 spe
852 1136 1044 1235 depulsus,
1064 1162 1139 1209 uon
1159 1152 1210 1209 ta·

141 1281 158 1315 u
172 1275 255 1323 men
282 1250 370 1323 belli
394 1248 545 1322 consilia
572 1250 714 1338 omisit;
737 1250 869 1349 immo,
889 1249 920 1320 si
939 1273 1023 1319 vera
1040 1248 1211 1321 volumus

140 1391 157 1426 a
170 1361 307 1449 dicere,
322 1361 397 1457 jam
417 1359 599 1431 inchoavit
615 1357 763 1429 bellum.
785 1359 977 1458 Dolopiam
997 1359 1105 1429 armis
1122 1357 1209 1430 sub·

139 1503 157 1537 α
170 1474 243 1570 egit
250 1469 278 1560 ⁸,
295 1495 363 1544 nec
380 1469 574 1568 provinciis
592 1467 638 1541 de
653 1469 895 1540 controversis
914 1466 959 1539 ad
978 1467 1209 1565 disceptatio·

139 1613 157 1646 «
170 1606 254 1653 uem
279 1580 456 1680 populum
480 1602 672 1651 romanum
690 1574 811 1648 adivit.
833 1579 945 1662 lude,
968 1594 1209 1674 transgressus

139 1721 156 1755 «
173 1697 321 1777 OEtam,
340 1703 381 1762 ut
394 1705 545 1787 repente
560 1689 597 1759 iu
612 1685 733 1759 medio
749 1686 923 1758 umbilico
941 1691 1107 1761 Graeciae⁹
1124 1714 1210 1760 con·

139 1832 156 1865 «
170 1804 382 1900 spiceretur,
399 1798 563 1897 Delphos
575 1797 749 1870 ascendit.
767 1803 850 1868 Haec
866 1801 1055 1895 usurpatio
1072 1801 1210 1871 itineris

138 1943 154 1975 «
169 1912 303 1983 insoliti
312 1936 387 2008 quo
396 1909 500 1982 vobis
508 1924 670 2008 spectare
676 1906 1066 1980 videturlThessaliam
1076 1908 1209 1982 deinde

137 2024 378 2122 «peragravit.
404 2020 512 2111 Quod
538 2022 616 2091 sine
643 2019 751 2090 ullius
776 2041 925 2106 eorum,
950 2042 1044 2115 quos
1061 2016 1208 2106 oderat,

137 2164 153 2197 «
169 2137 294 2220 noxia,
308 2134 379 2205 hoc
393 2135 505 2231 magis
520 2134 757 2204 tentationem
773 2145 907 2202 metuo.
924 2131 1013 2202 lude
1028 2131 1146 2203 literas
1162 2131 1206 2203 ad

136 2274 153 2307 «
168 2269 235 2316 nos
260 2270 343 2316 cum
362 2246 525 2316 muneris
542 2243 777 2341 specie-misit
790 2253 834 2326 ¹⁰,
852 2258 888 2314 et
903 2244 1060 2340 cogitare
1077 2242 1206 2338 jubet,

136 2385 152 2417 «
167 2380 243 2451 quo
263 2354 374 2426 modo
393 2357 430 2425 in
452 2355 634 2451 reliquum
652 2351 723 2423 hoc
742 2377 892 2424 munere
918 2378 992 2423 non
1017 2378 1207 2450 egeamus,

137 2464 239 2537 «hoc
264 2480 340 2554 est,
365 2479 407 2536 ut
428 2462 636 2552 decretum,
662 2487 738 2559 quo
763 2479 932 2536 arcentur
951 2465 1205 2564 Peloponneso

136 2708 208 2755 quam
221 2708 293 2758 poeua
302 2693 402 2757 cogitati
412 2710 425 2740 a
435 2693 550 2759 Philippo
560 2703 584 2740 et
593 2704 647 2742 tan-
687 2693 777 2758 popult'
794 2710 855 2743 rom.
875 2708 1027 2746 revocantem
1040 2696 1084 2763 (ae
1093 2695 1103 2761 )
1113 2696 1208 2745 audivit

134 2783 187 2819 tum
209 2788 260 2819 non
278 2774 385 2836 suscepti
402 2772 476 2832 betti,
493 2772 589 2836 dequo
604 2789 648 2837 per
691 2773 1205 2839 emcnd.Sigon.,reetiusveroGron.nec
1235 2820 1243 2833 ,

135 2862 210 2898 totam
231 2855 366 2900 orationem
388 2867 466 2899 sermo
487 2854 546 2900 eat?
565 2854 647 2915 Quare
688 2868 716 2915 p.
727 2851 759 2899 de
774 2870 796 2902 c.
807 2853 907 2919 δίκερε.
921 2854 958 2902 ad
961 2856 1080 2919 populum
1091 2871 1152 2904 rom.
1166 2870 1205 2900 re-

132 2941 203 2976 acute
222 2931 288 2978 dicta
303 2931 381 2978 nolim
398 2931 495 2979 mutari.
509 2933 543 2980 tlt
556 2950 643 2998 parua,
691 2943 831 2989 vocantem,
854 2933 988 2994 meliusque
1004 2947 1049 2978 nec
1064 2948 1202 2995 provocan-

133 3008 165 3056 ita
178 3008 260 3056 odium
279 3026 325 3074 pro
338 3026 364 3057 re
379 3011 548 3075 poniturque
560 3011 645 3061 odium
690 3022 738 3058 rem
751 3009 762 3074 (
773 3010 981 3074 Dolopiam)acn
998 3025 1042 3056 nec
1060 3026 1201 3073 provocan-

131 3088 236 3147 exoitat,
255 3099 280 3136 et
295 3088 388 3137 ovidio
405 3106 452 3154 pro
469 3106 497 3138 re
510 3107 565 3154 que
578 3091 645 3140 inol-
690 3090 744 3154 ecs(
753 3086 1095 3153 Dolopas)deconrroversiis
1105 3087 1143 3134 ad
1153 3087 1202 3137 dis·

131 3167 197 3223 diam
210 3170 330 3217 excitat».
344 3168 384 3217 ef.
395 3171 446 3228 vt,
458 3185 502 3231 η,
516 3185 541 3216 n.
559 3186 583 3217 1.
594 3171 641 3219 En.
688 3167 849 3230 captationem
854 3165 944 3231 populi
951 3183 1012 3214 rom.
1027 3163 1129 3214 audivit.
1146 3168 1202 3215 lloo

167 3245 408 3311 7.1raqueqm'dlu'c
416 3246 468 3312 egle
476 3246 556 3304 aliud,
567 3263 643 3310 quam
689 3245 826 3309 probamur
838 3244 910 3294 Crev.
923 3256 948 3294 at
959 3245 1035 3294 nuk.
1050 3245 1092 3309 qui
1105 3256 1203 3299 monet.

129 3324 219 3371 bellum
235 3324 420 3386 potavit3vlde
437 3325 469 3373 ad
483 3327 520 3383 11,
536 3325 567 3382 8,
578 3340 604 3372 u.
619 3339 645 3386 9.
689 3338 741 3370 nou
754 3323 885 3371 verisimile
900 3341 968 3383 ease,
982 3325 1105 3389 Dolopas,
1119 3342 1201 3390 popu-

129 3428 163 3437 -
173 3403 310 3448 Bastarnas
322 3401 443 3465 primum,
461 3411 508 3449 ato.
526 3399 578 3449 vid.
589 3417 643 3466 cap.
687 3400 740 3448 lum
753 3400 820 3450 haud
835 3403 869 3450 ita
880 3418 1011 3467 magnum,
1027 3403 1057 3451 do
1071 3402 1202 3465 provinciis

132 3496 177 3543 19,
190 3497 215 3528 n.
228 3480 253 3527 3.
272 3506 306 3516 -
318 3481 398 3542 Quam
416 3479 478 3526 Ario
499 3479 585 3527 Gallos
598 3478 644 3526 lta·
681 3475 745 3527 ‘oum
755 3481 842 3528 Perseo
853 3481 1034 3530 controversias
1043 3479 1165 3528 hahuisse.

128 3560 241 3607 bearno
249 3555 390 3606 tabetacf.
398 3558 551 3615 XXXVIII,
563 3556 640 3621 rliaq.
722 3574 747 3621 9.
756 3560 787 3605 In
799 3558 879 3607 medab
889 3559 1002 3609 umbilico
1013 3557 1132 3616 omim-
1143 3558 1200 3608 vide

163 3640 190 3687 8.
208 3635 341 3701 Dolopiam
365 3633 440 3682 armis
463 3634 572 3699 subegit,
592 3646 640 3684 etc.
685 3635 717 3683 ad
731 3638 841 3697 XXXV,
857 3639 903 3697 18,
921 3653 946 3684 n.
961 3639 1054 3687 a.Vox
1067 3637 1147 3685 medlo
1161 3654 1199 3687 au·

127 3716 194 3765 conl.
210 3717 290 3771 XLII,
312 3722 342 3769 tr
358 3713 527 3763 exte-Nec
544 3714 641 3777 provin·
683 3731 804 3779 pervacua
827 3728 852 3765 et
873 3717 936 3764 forto
960 3717 1199 3780 glossarum-Sine

126 3793 170 3840 ciis
180 3794 213 3855 ¹«le
225 3791 382 3841 controversis
393 3790 431 3840 ad
439 3790 639 3856 da'sccpeationem
683 3794 756 3842 ullius
774 3811 874 3853 eorum,
894 3813 955 3860 quos
974 3795 1077 3853 derat,
1104 3796 1196 3854 noxio,

122 3888 182 3934 pa.
196 3872 288 3929 adivi&
305 3871 392 3936 primae
410 3870 564 3936 odd-popvli
578 3887 640 3929 rom,
684 3871 764 3922 Roeu.
789 3876 855 3936 conj.
877 3891 939 3939 quos
965 3875 1125 3942 adimat(ut
1145 3892 1198 3942 cap.

125 3951 252 4015 quadam,
264 3962 289 3999 ct
297 3951 417 4016 populum
434 3967 497 4002 rom.
513 3950 640 4000 altman·
683 3968 757 4017 prae.
767 3969 815 4017 per
826 3970 887 4017 quos
906 3952 1053 4020 iterfecie),
1069 3967 1094 4003 et
1106 3954 1198 4004 Duker.

125 4031 185 4079 divit
205 4031 244 4080 ed.
259 4032 333 4080 Basil.
356 4032 439 4093 1554,
454 4041 478 4079 et
491 4047 559 4095 seqq.
579 4033 639 4081 llarc
683 4049 771 4090 norm
783 4033 840 4082 vida
850 4032 935 4091 adX,
951 4050 996 4098 19,
1009 4050 1034 4081 n.
1047 4049 1071 4083 a.

124 4111 199 4160 verba
212 4122 324 4176 spectant
337 4110 368 4158 ad
384 4110 438 4170 illa,
452 4127 507 4174 cap.
522 4126 570 4172 aa,
583 4111 637 4175 qui-
721 4128 760 4161 10.
777 4112 871 4160 Literos
891 4113 929 4161 ad
954 4129 998 4161 uos
1016 4129 1069 4160 crem
1091 4114 1196 4160 marnatis

124 4190 184 4239 dam
204 4193 327 4256 Dolopum
341 4208 390 4238 non
407 4190 532 4254 parebant
547 4202 586 4247 er,
606 4190 637 4236 de
679 4191 894 4255 spoclemisimc.
908 4193 996 4262 δχῦρῶν
1008 4186 1194 4260 δὼραᾶδωρα,

124 4269 211 4332 quibus
227 4271 395 4335 mbigctaur
413 4270 497 4324 relus,
513 4268 634 4332 da'scepto·
679 4274 736 4320 Em.
749 4298 783 4310 ·-
793 4272 853 4333 Quo·
861 4272 934 4320 modo
946 4273 970 4319 in
984 4270 1102 4334 reliquum
1114 4269 1124 4332 (
1135 4271 1195 4320 vida

124 4346 214 4395 tionem
227 4350 260 4396 ab
278 4365 333 4413 rege
348 4348 519 4395 adllomonos
536 4364 634 4397 revoca·
678 4351 709 4401 ad
728 4353 831 4410 xxm,
857 4367 906 4408 ao,
928 4368 953 4400 n.
967 4349 1001 4413 4)
1023 4348 1069 4395 loc
1093 4365 1191 4398 rnetncrc

123 4428 192 4476 lane.
204 4428 269 4476 llinc
282 4443 326 4475 nec
334 4426 464 4490 provincial
476 4426 507 4475 de
519 4443 541 4475 o.
558 4428 595 4476 od
606 4427 631 4477 tl.
677 4447 725 4479 non
738 4447 863 4498 egeamus,
879 4428 1006 4478 saroaatIce
1018 4426 1091 4480 dicta.
