2722 5040
149 822 221 922 476
574 827 612 893 ι’.
647 827 788 894 n1v11
1063 803 1188 918 tritt:

198 950 327 1019 XXIX.
350 945 499 1018 Colonia
523 948 698 1020 Graviscae
725 971 770 1017 eo
797 971 893 1017 anno
918 945 1072 1018 deducta
1097 950 1210 1019 estin

149 1081 274 1154 agrum
298 1062 508 1141 Etruscum,
535 1056 579 1127 de
601 1056 922 1154 Tarquiniensibus
945 1057 1129 1155 quondam
1154 1084 1211 1130 ca·

150 1182 264 1264 ptum.
290 1168 409 1257 Quina
430 1167 554 1263 jugera
575 1168 650 1264 agri
672 1166 763 1238 data.
785 1168 939 1238 Tresviri
961 1166 1210 1255 deduxerunt,

152 1282 191 1347 C.
216 1276 430 1374 Calpurnius
453 1277 554 1362 Piso,
580 1280 616 1347 P.
638 1275 807 1347 Claudius
826 1268 996 1362 Pulcher,
1015 1282 1055 1349 C.
1077 1284 1209 1350 Teren-

150 1385 220 1458 tius
242 1391 340 1457 lstra.
367 1386 529 1458 Siccitate
553 1402 589 1456 et
611 1387 731 1484 inopia
754 1385 899 1483 frugum
924 1388 1073 1485 insignis
1095 1414 1210 1462 annus

149 1493 226 1566 fuit
250 1499 318 1566 Sex
342 1521 482 1568 menses
506 1520 690 1592 nunquam
717 1496 869 1594 pluisse,
888 1500 1068 1568 memoriae
1090 1499 1210 1597 prodi·

149 1621 226 1676 tum
242 1622 304 1677 est.
330 1605 466 1678 Eodem
488 1631 583 1677 anno
604 1607 641 1677 in
666 1630 751 1702 agro
770 1610 808 1675 L.
829 1604 952 1677 Petillii
971 1607 1117 1678 scribae‘
1141 1608 1210 1680 sub

148 1714 329 1804 Janiculo,
345 1716 432 1787 dum
447 1715 600 1787 cultores
615 1718 688 1813 agri
704 1716 808 1787 altius
820 1716 1041 1787 moliuntur²
1058 1733 1209 1805 terram,

150 1824 230 1895 ‹luae
247 1825 393 1924 lapideae
408 1850 515 1914 arcae,
535 1842 687 1897 octonos
707 1824 819 1896 ferme
838 1818 947 1924 pedes
968 1825 1100 1923 longae,
1123 1853 1211 1924 qua·

138 1932 271 2008 'ternos
286 1937 378 2024 latae,
390 1939 541 2008 inventae
555 1951 655 2020 sunt,
672 1937 849 2035 operculis
860 1936 1012 2034 plumbo
1025 1938 1207 2010 devinctis.

150 2048 277 2118 Literis
298 2048 414 2119 latinis
429 2050 622 2145 graecisque
647 2063 798 2144 utraque
821 2070 902 2118 arca
925 2047 1094 2144 inscripta
1115 2064 1211 2134 erat;

150 2157 187 2225 in
205 2157 333 2244 altera,
352 2161 506 2229 Numam
525 2156 761 2255 Pompilium,
782 2156 978 2253 Pomponis
1000 2155 1135 2239 filium,
1156 2183 1209 2228 re·

150 2292 231 2365 gem
258 2273 524 2354 Romanorum,
550 2266 730 2365 sepultum
758 2290 856 2351 esse3
884 2266 919 2334 in
946 2263 1074 2351 altera,
1097 2264 1210 2338 libros

185 2490 247 2539 Car.
266 2491 360 2538 XXIX.
377 2504 400 2536 1.
416 2490 444 2535 L.
456 2487 547 2535 Petillii
557 2486 657 2545 scribe,
701 2503 734 2536 no
743 2489 866 2552 potuerit,
879 2499 907 2536 ut
916 2489 1001 2552 etipse
1010 2490 1069 2536 aitua
1079 2490 1209 2555 eiusigno·

147 2581 195 2618 etc.
211 2569 252 2617 alii
270 2586 284 2619 a
300 2573 345 2621 Cu.
359 2571 473 2619 Terentio
490 2570 568 2617 scriba
586 2583 658 2615 arcas
701 2579 766 2616 ratus
784 2569 823 2616 sit.
844 2567 883 2615 sd
904 2568 972 2625 baec,
986 2584 1036 2632 quo
1054 2579 1128 2632 paeto
1146 2569 1209 2619 intra

149 2649 203 2696 illas
225 2649 297 2697 luisse
317 2651 428 2698 inventas
446 2638 559 2708 tradunt,
573 2665 658 2697 omues
700 2647 774 2711 paulo
797 2647 854 2712 plns
877 2648 1066 2712 quingentorum
1091 2663 1209 2697 annorum

148 2744 207 2777 vero
216 2744 269 2786 eas,
282 2740 382 2777 auctore
393 2729 425 2791 Q.
435 2728 532 2776 Petillio
541 2746 582 2777 seu
593 2729 657 2778 Peti-
701 2725 829 2774 decursum
839 2742 928 2792 eorpus
937 2727 1069 2777 humanum
1081 2727 1113 2773 ita
1125 2743 1210 2777 eomu-

149 2807 184 2854 lio
195 2818 307 2873 praetore,
318 2806 463 2855 combustas.
471 2806 543 2856 Cous.
555 2818 580 2854 et
589 2824 657 2872 seqq.
700 2805 734 2852 mi
747 2807 867 2870 potuerit,
880 2817 909 2854 ut
922 2822 953 2854 ne
966 2806 1097 2868 vestigium
1111 2806 1209 2869 quidem

149 2902 174 2935 n.
192 2902 238 2943 to,
254 2885 284 2933 ad
303 2889 329 2944 1,
343 2903 376 2934 ao
386 2904 394 2945 ς
406 2886 492 2934 Antias
508 2885 575 2951 apud
591 2886 656 2936 Plut.
700 2885 752 2945 ejus
763 2887 868 2943 maium,
882 2887 957 2932 immo
972 2900 1016 2932 nec
1029 2884 1109 2948 pulvis
1127 2902 1208 2950 snper·

148 2965 175 3013 in
193 2966 353 3030 Numa,pag.
375 2974 419 3027 μς
432 2967 512 3013 Varro
530 2965 596 3030 apud
606 2972 657 3014 An·
700 2966 921 3028 iurdt.1tem,quo
927 2975 1001 3029 pacto
1010 2963 1065 3010 libri
1078 2964 1209 3021 chartacei,

149 3046 238 3110 guntin.
250 3045 280 3094 de
293 3047 346 3095 civ.
360 3046 423 3104 Dei,
436 3046 500 3104 vu,
513 3046 560 3102 δᾲς
574 3046 656 3093 Valet.
699 3043 794 3092 tametsi
815 3047 883 3091 omui
897 3060 955 3093 cura
972 3043 1104 3102 custoditi,
1118 3045 1209 3093 recenti

147 3127 214 3173 Max.
226 3128 281 3184 1,t,
290 3125 483 3190 §rubescunt
494 3126 655 3183 lnst.1‚aa;
699 3124 780 3189 specie
802 3141 853 3172 esse
873 3126 1006 3190 potuerint.
1032 3125 1063 3170 Ut
1084 3135 1121 3182 et,
1145 3122 1209 3171 unde

38 3212 42 3218 ’
146 3207 231 3254 Festus
244 3203 654 3268 voc.Numa‚etinpr.loc.clasr.
700 3206 1014 3268 ebantetuncusns,qnam
1024 3204 1209 3261 Pluinnam,

147 3285 209 3332 Pliu.
220 3286 294 3342 nul,
311 3285 408 3342 13,sen
420 3299 463 3344 ιγ,
473 3283 515 3347 qui
525 3299 566 3330 sua
576 3283 657 3331 bausit
703 3295 814 3350 rr,post
824 3284 991 3334 Alexandrum
1000 3285 1117 3347 Magnum
1127 3283 1209 3329 intera·
1247 3312 1258 3321 ⁴-

146 3381 177 3412 ex
194 3364 278 3412 Cassio
297 3364 417 3419 Hemina,
435 3365 461 3410 L.
482 3363 584 3420 Pisone,
606 3365 657 3411 Tn-
699 3367 904 3429 taminAEgypto
916 3365 1070 3418 dicit.annis
1083 3363 1208 3427 plusquam

146 3434 245 3500 ditatio,
259 3444 369 3490 Varrone
390 3453 414 3489 et
430 3442 529 3490 Valerio
547 3443 655 3491 Antiate.
699 3445 815 3492 trecentis
834 3455 890 3509 post
905 3444 1023 3492 Numam:
1039 3454 1078 3498 et,
1097 3442 1156 3488 licet
1173 3436 1225 3487 in-'

145 3524 216 3584 Quos
229 3523 249 3568 ai
260 3519 450 3585 comparaveris,
461 3520 567 3578 videbis,
579 3537 621 3569 eos
632 3532 657 3568 et
698 3534 770 3571 venta
782 3525 895 3584 jamtum
908 3535 932 3570 et
947 3525 972 3569 in
987 3539 1031 3570 usu
1044 3521 1132 3578 inerit,
1145 3519 1209 3567 unde

146 3601 284 3648 innumero
297 3611 322 3647 et
336 3600 361 3646 in
374 3611 517 3663 argumento
535 3600 655 3649 librorum
698 3602 754 3649 rudi
772 3594 817 3650 ¹illo
836 3619 865 3649 ac
888 3618 991 3666 paupere
1011 3599 1101 3648 seculo
1127 3600 1209 3648 charta

146 3681 232 3727 Numa
250 3678 351 3726 variare.
372 3679 465 3737 Multa,
478 3681 568 3744 quibus
583 3679 657 3728 bisto-
698 3682 802 3728 Romam
821 3698 851 3728 ex
863 3683 971 3746 AEgypto
988 3680 1066 3726 delata
1082 3679 1121 3726 sit.
1135 3678 1208 3726 Deni-

145 3758 180 3805 ria
192 3758 244 3806 baec
256 3757 329 3804 dubia
340 3755 458 3816 redditur,
469 3759 564 3807 notarit
577 3761 655 3809 blare.
698 3775 746 3822 qne
758 3760 883 3824 quomodo
897 3760 979 3822 lingua
989 3774 1065 3821 greca
1079 3770 1127 3806 tana
1142 3758 1209 3805 iami-

146 3835 428 3883 nortatus-Nardinus
441 3839 573 3901 quoquein
583 3839 655 3885 Rom.
698 3838 765 3886 liaris
781 3851 832 3887 tum
848 3839 964 3903 temporia
980 3840 1049 3886 Latio
1064 3838 1163 3886 fuerit..
1184 3870 1203 3886 ..

146 3920 202 3964 Vet.
214 3918 277 3974 Vll,
295 3932 334 3974 11,
348 3916 378 3964 de
392 3917 440 3964 boc
453 3916 519 3964 baud
531 3917 597 3965 leves
610 3917 653 3965 du·
698 3917 750 3966 htec
768 3929 792 3966 et
806 3919 876 3983 plura
891 3918 936 3964 alia
955 3917 1037 3965 forsan
1055 3933 1092 3964 me
1110 3916 1208 3977 induce·

144 3996 275 4043 bitationes
294 3997 382 4056 movit,
414 4012 528 4060 quarum,
550 3997 602 4057 jam
624 3995 655 4044 ab
698 4009 764 4054 rent,
782 4008 810 4045 ut
828 3995 935 4044 fraudem
955 4008 1029 4059 atque
1051 3996 1208 4060 imposturam

145 4076 251 4124 Hearnio
270 4075 301 4122 ad
321 4075 348 4124 b.
364 4076 381 4123 l.
403 4074 543 4136 allatarum,
562 4087 654 4139 partem
697 4076 761 4123 banc
773 4076 914 4123 recentioris
924 4075 1026 4137 alicujus
1034 4074 1142 4122 hominis
1151 4076 1210 4123 luis·

143 4155 212 4217 juvat
231 4153 404 4210 transcribere,
417 4154 486 4203 Cret.
501 4166 524 4201 et
538 4155 654 4218 Doering.
698 4171 725 4203 se
734 4155 884 4218 suspicarer,
895 4155 942 4201 nisi
955 4165 1002 4201 tarn
1017 4169 1101 4216 graves
1111 4167 1136 4203 et
1147 4156 1207 4202 anti·

144 4232 316 4298 praeeuntibus.
329 4255 341 4273 ι
350 4232 428 4279 Multa
441 4231 482 4279 hic
492 4232 552 4279 mibi
564 4230 656 4294 dubia,
698 4249 760 4296 quos
777 4233 908 4297 scriptores
928 4234 1008 4280 nimiae
1022 4245 1047 4281 et
1064 4234 1208 4283 inconsultis

144 4312 225 4374 inquit
244 4310 381 4366 Nardinus,
399 4311 505 4356 animum
530 4321 653 4373 torquent.
699 4312 848 4360 credulitatis
869 4313 982 4361 damnare
1005 4313 1072 4360 nefas
1088 4315 1208 4362 existima·

145 4390 182 4437 Ac
198 4392 315 4454 primurn,
330 4404 380 4453 quo
397 4400 470 4453 pacto
486 4400 534 4436 tam
545 4390 655 4454 preclari
699 4407 750 4438 rem
761 4413 782 4437 a.
795 4392 841 4439 En.

145 4469 242 4532 carique
261 4468 324 4531 regis
346 4479 530 4516 monumentum
552 4485 597 4533 per
617 4480 656 4518 tot
734 4486 758 4518 2.
773 4471 850 4518 Altius
872 4470 1003 4519 moliuntur
1024 4483 1132 4527 terram
1154 4469 1207 4517 vide

144 4547 231 4595 serula
243 4548 276 4595 ita
289 4547 399 4612 ignotum
409 4562 460 4594 esse
472 4547 566 4612 populo
580 4564 655 4596 soma·
697 4549 728 4595 ad
740 4545 791 4606 v1,
808 4564 854 4607 rr,
869 4565 893 4597 n.
911 4551 934 4597 5.
