2722 5040
165 870 192 966 t,
203 866 229 966 ξς
241 868 288 972 3222
311 886 396 952 ala.
416 885 609 952 xxxvui.
625 885 722 951 car.
739 879 1203 975 xxxvi1.xxxviii.2o7

140 1003 281 1102 quum⁵
296 1005 457 1101 pecuniae
472 1028 593 1091 exeo,
609 1002 709 1101 quod
724 1005 950 1100 pepigerant,
971 1002 1206 1100 exigendum,

143 1118 270 1201 misso,
288 1119 386 1213 ipse,
406 1117 491 1211 quia
510 1118 709 1184 Eumenem
727 1137 850 1210 regem
871 1127 906 1183 et
924 1112 1050 1184 decem
1072 1115 1207 1210 legatos

142 1225 187 1295 ab
207 1231 321 1296 Roma
339 1223 522 1321 Ephesum
542 1226 681 1294 venisse
698 1223 877 1310 audierat,
891 1224 995 1318 jussis
1015 1224 1117 1321 sequi
1136 1227 1208 1292 An·

144 1336 253 1407 tiochi
271 1335 415 1431 legatis,
437 1339 628 1431 Apameam
648 1335 844 1405 exercitum
861 1334 1014 1405 reduxit.

191 1449 388 1516 XXXVIII.
410 1443 466 1515 lbi
483 1470 526 1515 ex
544 1444 670 1516 decem
687 1444 886 1541 legatorum
901 1447 1077 1516 sententia
1091 1436 1220 1514 foedus

144 1560 179 1627 in
203 1557 280 1627 haee
303 1555 414 1627 verba
436 1553 509 1626 sere
538 1579 621 1626 cum
647 1554 824 1625 Antiocho
849 1556 1119 1652 conscriptum¹
1144 1567 1208 1624 est.

143 1667 339 1737 «Amicitia
355 1667 430 1762 regi
445 1665 625 1737 Antiocho
639 1688 722 1736 caim
737 1665 875 1762 populo
889 1688 1042 1735 romano
1060 1664 1115 1733 his
1131 1664 1213 1761 legi·

144 1808 161 1841 ι
175 1777 244 1847 hus
262 1790 298 1848 et
314 1775 584 1847 conditionibus
603 1790 691 1846 estc.
709 1780 763 1846 Ne
780 1800 889 1870 quem
910 1776 1127 1860 exereitum,
1147 1775 1211 1873 qui

146 1911 260 1957 «crim
279 1885 417 1983 populo
438 1910 591 1956 romano
612 1886 759 1955 sociisve
783 1884 920 1954 bellum
939 1896 1104 1980 gesturus
1125 1883 1211 1968 erit,

145 2022 239 2068 «rex
262 2020 328 2094 per
351 1994 449 2067 fines*
468 1996 571 2093 regni
597 1996 652 2066 sui
677 2017 869 2077 eorumve,
894 1996 957 2090 qui
981 1994 1049 2066 sub
1075 1993 1211 2063 ditione

147 2106 253 2199 «ejus
267 2119 395 2191 erunt,
410 2107 561 2175 transire
579 2105 705 2189 sinit03
724 2128 797 2173 neu
812 2118 1035 2186 commeatu,
1053 2126 1211 2198 neuqua

147 2247 163 2279 α
177 2215 244 2285 alia
261 2240 332 2312 ope
351 2217 483 2311 juvato.
507 2215 607 2285 Idem
627 2216 780 2284 Romani
801 2215 962 2308 sociique
982 2211 1160 2283 Antiocho
1177 2227 1212 2283 et

148 2355 164 2388 α
178 2323 239 2410 iis,
256 2325 317 2420 qui
337 2324 405 2395 sub
420 2325 572 2422 imperio
587 2324 664 2419 ejus
679 2337 806 2410 eruut,
825 2336 994 2420 praestent
1004 2333 1031 2390 ².
1048 2322 1136 2393 Belli
1152 2347 1211 2420 ge·

147 2433 282 2503 «rendi
296 2434 355 2528 jus
372 2433 550 2505 Antiocho
569 2459 616 2505 ne
635 2448 711 2504 esto
730 2457 813 2504 cum
830 2435 892 2520 iis,
913 2434 979 2530 qui
1000 2432 1133 2504 insulas
1153 2457 1213 2503 co·

148 2572 164 2604 a
179 2542 276 2629 lunt,
300 2568 390 2616 neve
411 2546 449 2612 in
472 2548 655 2641 Europam
677 2541 897 2614 transeundi.
925 2542 1097 2613 Excedite
1116 2540 1213 2612 urbi·

149 2684 164 2717 ι(
177 2652 265 2738 hus,
280 2655 389 2751 agris,
406 2655 507 2739 vicis,
521 2653 672 2725 castellis
685 2653 736 2724 cis
749 2658 907 2723 Taurum
920 2666 1083 2724 montem
1097 2676 1213 2747 usque

151 2792 166 2825 a
180 2761 225 2832 ad
247 2761 364 2858 Halyn
390 2787 555 2848 amnem,
575 2778 611 2834 et
633 2789 653 2832 a
674 2763 765 2834 valle
786 2766 893 2833 Tauri
912 2788 1027 2859 usque
1046 2762 1090 2832 ad
1107 2764 1214 2857 juga,

151 2871 307 2966 «quain
328 2874 544 2967 Lycaoniam
568 2874 692 2972 vergit.
714 2870 768 2943 Ne
792 2898 863 2969 qua
885 2898 983 2943 arma
1000 2870 1153 2945 efferto³
1169 2897 1213 2944 ex

152 3011 168 3044 ι(
182 2981 223 3052 iis
248 2980 415 3078 oppidis,
443 2985 535 3078 agris
559 2983 808 3079 castellisque,
837 2982 971 3079 quihus
995 2981 1155 3055 excedat.
1178 2982 1214 3050 Si

151 3120 167 3154 ι(
181 3116 251 3187 qua
270 3092 416 3177 extulit,
433 3118 513 3189 quae
529 3118 677 3189 quoque
693 3091 896 3190 oportebit,
911 3107 1007 3162 recte
1022 3091 1212 3162 restituito.

151 3232 167 3264 a
180 3204 232 3272 Ne
247 3202 419 3290 militem,
436 3228 508 3274 neu
526 3228 637 3301 quem
658 3203 766 3272 alium
783 3229 826 3273 ex
843 3226 954 3300 regno
973 3200 1143 3272 Eumenis
1158 3222 1214 3269 re-

152 3311 305 3407 acipito.
329 3313 365 3381 Si
384 3314 448 3407 qui
465 3337 589 3383 earum
605 3311 750 3384 urbium
770 3315 885 3398 cives,
908 3337 989 3409 quae
1006 3336 1118 3408 regno
1133 3306 1214 3378 abs·

189 3519 211 3564 ⁵.
224 3519 352 3575 Oroanda,
364 3518 401 3566 od
409 3520 527 3584 reliquum
535 3557 542 3577 ,
550 3532 597 3570 etc.
606 3520 662 3570 ride
706 3521 812 3585 reposui.
838 3522 929 3569 Conl'er
942 3520 1020 3568 Strah.
1040 3521 1087 3577 VI,
1100 3523 1167 3582 287;
1181 3521 1218 3568 ad

153 3596 183 3642 ad
194 3613 246 3661 cap.
262 3599 305 3655 18,
317 3615 341 3644 n.
355 3613 377 3646 1.
708 3605 815 3663 Arcuym
829 3603 902 3647 Voss.
916 3599 953 3646 ad
968 3599 1058 3662 Cauym
1073 3601 1097 3647 in
1117 3602 1176 3648 Lov.
1193 3616 1214 3647 1.

187 3677 248 3724 Cu.
259 3678 405 3724 xxxvffl.
418 3693 441 3724 1.
454 3678 495 3724 Ex
504 3678 585 3725 decem
595 3679 662 3744 lega·
706 3679 826 3727 Actutum
840 3680 899 3725 Lor.
911 3679 934 3726 6.

154 3765 231 3800 torum
247 3755 365 3802 sententia
378 3755 462 3820 soedus
477 3757 502 3802 iu
521 3756 573 3803 lroec
585 3757 662 3804 verta
743 3758 765 3807 3.
783 3759 822 3805 Ne
842 3775 892 3822 qua
908 3775 979 3804 arma
994 3755 1095 3822 efferto,
1117 3770 1162 3806 etc.
1181 3760 1215 3828 μὴ

149 3833 202 3895 sm
219 3848 274 3880 cum
291 3834 411 3882 Antiocho
424 3834 599 3899 couscriptum,
616 3846 662 3883 etc.
707 3838 813 3907 ἐξαγέτω
837 3831 933 3905 pullu,
954 3836 1016 3891 πλὴν
1043 3842 1091 3887 τῶν
1117 3839 1215 3899 ὅπλων,

154 3913 219 3960 coni.
230 3913 354 3961 xxxva
362 3951 369 3973 ,
378 3915 411 3969 45
420 3949 426 3972 ,
437 3915 484 3972 55;
495 3914 581 3978 Polyb.
590 3916 661 3972 XXI,
707 3912 738 3968 ὧν
749 3919 856 3987 φέρουσιν
869 3917 890 3967 οἱ
904 3921 1054 3986 στρατιῶται
1068 3921 1154 3986 Polyb.
1171 3938 1217 3969 un·

158 3997 200 4050 tt,
210 3993 298 4049 XXII,
311 3995 409 4057 7‚Inpr.
423 3996 562 4052 xxn,26‚
577 4004 600 4041 et
610 3997 662 4059 Ap·
707 3997 736 4044 de
748 3997 826 4044 Periz.
841 3997 906 4057 conj.
925 4013 955 4042 ue
971 4014 1021 4060 quo
1033 4010 1126 4060 proeter
1143 4016 1214 4046 arma

153 4072 219 4133 pitu.
234 4073 288 4135 Syr.
301 4072 348 4133 38,
366 4074 408 4134 39.
426 4074 489 4120 Mox
505 4073 624 4139 sociisque
638 4084 663 4121 et
706 4094 726 4123 o.
741 4085 765 4124 et
778 4075 852 4123 orat.
865 4092 895 4123 tte
904 4087 1051 4141 quaproeter
1062 4076 1163 4125 militum
1175 4095 1216 4125 ar·

154 4162 283 4213 eorumque
296 4167 327 4198 ex
347 4152 434 4215 Polyb.
446 4153 576 4216 legendnm
596 4152 663 4202 vide·
707 4174 748 4204 tna
766 4173 786 4203 e.
803 4185 835 4193 —
851 4158 912 4219 Quoe
934 4175 1046 4222 quoque,
1071 4171 1095 4206 ct
1118 4177 1168 4222 quo
1181 4175 1215 4208 ro.

157 4237 211 4285 mr;
223 4228 345 4278 Drakcnh.
706 4236 779 4291 Ioco,
792 4235 924 4298 oportebit,
937 4248 1001 4284 reete
1014 4238 1148 4294 restituito,
1165 4238 1216 4286 sinc

191 4321 216 4351 a.
238 4307 270 4354 Et
290 4308 333 4364 iis,
362 4311 405 4373 qui
427 4310 470 4357 sub
492 4312 591 4374 imperio
613 4311 664 4377 ejus
710 4314 779 4373 dolo;
798 4316 957 4364 mateonf.
975 4317 1006 4363 ad
1023 4319 1145 4374 XXXIV,
1171 4318 1215 4371 35,

155 4397 238 4439 eruut.
257 4400 388 4449 praestent,
409 4391 491 4454 potius
511 4401 663 4454 proestaato,
710 4411 734 4440 n.
752 4411 775 4440 a.
796 4393 843 4442 Sed
858 4395 921 4443 sorte
934 4413 990 4443 rum
1006 4397 1081 4442 PerIz.
1100 4396 1144 4458 leg.
1167 4411 1216 4458 quo

154 4475 180 4510 ut
190 4475 214 4510 et
225 4481 284 4513 mox
295 4469 425 4515 antediem
435 4480 526 4516 certam
537 4469 661 4525 redeunte,
708 4489 810 4538 quaeqtte
825 4474 979 4538 oportebit...
998 4491 1081 4521 earum
1107 4473 1213 4525 urbium.
1284 4495 1286 4503 ·

153 4543 218 4591 Mur.
242 4547 304 4592 Mox
321 4548 477 4596 nundendbus
500 4550 559 4596 viris
585 4549 663 4597 doctis
708 4568 763 4614 quoe
775 4568 849 4617 regno
864 4552 981 4601 Antiochi
994 4552 1139 4605 abscedunt,
1152 4550 1217 4597 avol-

155 4622 236 4684 Hairtt
256 4640 352 4672 omnem
370 4642 416 4690 pro
430 4629 495 4692 vulg.
516 4629 617 4676 Tanaim
636 4647 661 4677 o.
708 4631 866 4694 luntur‚rcgl
880 4628 1044 4679 auferuntura
1056 4631 1180 4678 Romanis.
