2722 5040
208 818 354 921 ῧῑὲῑὲἒὲῑΙ
416 842 501 909 nn.
530 841 688 909 xxxix.
714 844 809 912 car.
838 845 912 912 κν.
938 845 1030 912 xvi.
1173 841 1241 938 347

179 988 196 1022 «ι
210 958 401 1031 hominum
420 986 515 1049 esse,
531 963 628 1034 illico
642 987 789 1036 necesse
804 978 859 1036 est
875 964 1148 1051 exterreamini,
1170 965 1238 1034 nisi

177 1067 428 1165 «adjunxero,
447 1074 509 1169 qui
531 1071 730 1171 qualesque
750 1075 832 1144 sint.
854 1076 1011 1144 Primum
1032 1075 1141 1170 igitur
1159 1098 1242 1144 mu·
1297 1060 1301 1067 ¹

176 1178 338 1250 alierum
356 1205 482 1277 magna
498 1206 580 1280 pars
594 1197 667 1270 est,
687 1186 766 1255 etis
784 1182 866 1255 fons
884 1184 969 1256 mali
986 1184 1136 1279 hujusce
1155 1182 1238 1255 fuit:

175 1319 193 1354 a
206 1289 338 1361 deinde
362 1290 532 1362 simillimi
550 1288 693 1364 feminis
709 1317 846 1377 mares,
866 1295 1017 1392 stuprati
1035 1308 1071 1364 et
1091 1308 1240 1365 constu-

172 1429 190 1465 α
203 1412 383 1497 prtitores,
393 1399 538 1472 fanatici
551 1401 716 1499 vigiles⁴3
727 1403 832 1488 vino,
848 1401 1057 1500 strepitibus
1071 1401 1237 1473 clamori-

172 1508 347 1609 «busque
372 1513 560 1583 nocturnis
582 1513 734 1582 attoniti.
756 1511 881 1583 Nullas
899 1512 1017 1583 adhuc
1035 1513 1129 1582 vires
1147 1536 1238 1603 con·

170 1620 352 1715 «juratio,
367 1636 535 1694 caeterum
550 1624 812 1693 incrementum
828 1623 955 1720 ingens
965 1623 1096 1693 virium
1109 1620 1235 1706 habet,

170 1759 187 1794 α
200 1731 301 1826 quod
315 1733 352 1802 in
368 1732 445 1804 dies
463 1732 585 1831 plures
603 1730 709 1802 fiunt.
728 1731 883 1827 Major-es
897 1733 1006 1802 vestri
1019 1757 1067 1803 ne
1081 1756 1144 1803 vos
1159 1733 1237 1827 qui·

168 1839 306 1929 «dem,
331 1843 400 1912 nisi
422 1865 537 1938 quum
556 1856 639 1926 aut,
661 1841 791 1912 vexillo
809 1843 848 1914 in
866 1865 947 1912 arce
965 1842 1104 1938 posito,
1125 1843 1233 1912 comi·

167 1979 184 2014 α
199 1950 332 2022 tiorum
347 1975 452 2023 causa
466 1953 644 2023 exercitus
660 1951 812 2022 eductus
825 1964 936 2037 esset,
954 1964 1016 2020 aut
1031 1948 1131 2046 plebi
1147 1974 1234 2021 con·

168 2090 185 2124 α
199 2061 319 2133 cilium
329 2060 467 2132 tribuni
480 2060 691 2148 edixissent,
704 2075 765 2132 aut
777 2060 904 2157 aliquis
913 2084 957 2130 ex
966 2059 1231 2156 magistratibus

166 2171 240 2242 «ad
266 2173 476 2244 concionem
504 2186 685 2258 vocasset,
710 2168 806 2242 forte
828 2183 963 2240 temere
988 2169 1084 2239 coire
1103 2167 1229 2238 volue-

165 2311 183 2344 α
196 2278 305 2352 runt⁵
315 2310 325 2370 ς
344 2297 398 2367 et,
412 2280 633 2378 ubicumque
651 2279 848 2352 multitudo
866 2293 977 2367 esset,
996 2277 1046 2350 ibi
1064 2293 1100 2350 et
1115 2279 1228 2375 legiti-

163 2418 180 2452 τι
193 2414 293 2461 mum
311 2406 489 2463 rectorem
509 2390 747 2462 multitudinis
771 2388 966 2462 censebant
984 2387 1118 2460 debere
1139 2414 1226 2460 esse.

163 2529 180 2562 «ι
193 2498 325 2590 Quales
337 2502 495 2599 primum
504 2515 703 2573 nocturnos
712 2516 846 2588 coetus,
858 2499 990 2572 deinde
1003 2502 1228 2599 promiscuos

161 2639 178 2674 a
191 2609 383 2683 mulierum
399 2635 440 2682 ac
456 2611 636 2698 virorum,
655 2636 731 2684 esse
745 2611 912 2684 creditis?
928 2613 983 2700 Si,
1001 2610 1135 2709 quibus
1148 2625 1226 2682 aeta·

159 2749 176 2782 α
190 2717 287 2790 tibus
313 2721 502 2792 initientur
529 2745 670 2810 mares,
698 2723 838 2808 sciatis,
867 2746 943 2793 nou
968 2723 1135 2794 misereat
1159 2746 1224 2792 vos

159 2853 317 2900 «eorum
342 2830 480 2918 solum,
502 2831 565 2903 sed
589 2833 694 2902 etiam
722 2831 866 2929 pudeat.
892 2838 970 2904 Hoc
999 2846 1222 2904 sacramento

156 2969 173 3001 α
187 2940 344 3012 initiatos
354 2943 505 3037 juvenes
519 2943 651 3015 milites
665 2941 849 3016 iaciendos
860 2946 1035 3028 censetis,
1043 2945 1222 3033 Quirites?

156 3077 173 3111 α
188 3049 231 3118 iis
247 3074 291 3120 ex
307 3048 499 3122 obscoen0⁶
513 3054 667 3124 sacrario
683 3052 821 3125 eductis
834 3079 932 3126 arma
946 3052 1222 3125 committenda?

154 3157 244 3247 «hi,
271 3162 434 3258 cooperti
456 3165 589 3261 stupris
614 3165 687 3235 suis
713 3165 931 3262 alienisque,
955 3189 1023 3262 pro
1049 3162 1222 3259 pudicitia

153 3298 169 3329 «
183 3271 380 3367 conjugum
393 3295 434 3343 ac
446 3271 643 3344 liberorum
655 3289 859 3345 vestrorum
873 3274 988 3347 ferro⁷
1003 3272 1220 3343 decernent?

201 3383 293 3450 XVI.
313 3411 330 3445 <r
344 3383 466 3452 Minus
490 3397 611 3453 tamen
630 3398 740 3469 esset,
762 3386 791 3454 si
812 3383 953 3481 flagitiis
974 3397 1113 3452 tantum
1132 3379 1217 3451 effe-

150 3517 168 3552 «
182 3491 308 3561 minati
327 3490 446 3563 forent
471 3493 656 3590 (ipsorum
676 3493 711 3564 id
730 3518 860 3589 magna
878 3518 922 3564 ex
940 3508 1042 3590 parte
1060 3489 1217 3562 dedecus

151 3619 168 3660 o
183 3601 293 3697 erat),
307 3627 327 3672 a
341 3599 560 3673 facinoribus
570 3627 717 3690 manus,
730 3617 891 3674 mentem
909 3626 928 3673 a
943 3600 1130 3672 fraudibus
1139 3599 1217 3671 abs-

185 3871 208 3917 t.
223 3863 337 3911 Farsaeiei
352 3864 451 3930 nabiles,
471 3866 534 3913 sorte
549 3866 656 3932 offitiis,
702 3883 779 3915 eausa
790 3868 910 3916 exercitus
920 3868 1019 3915 eductus
1027 3878 1088 3914 esset
1095 3883 1125 3913 ex
1135 3867 1215 3923 Urbe,

108 3936 112 3941 ’
147 3939 223 3998 vino,
238 3941 368 3992 etc.Crev.
702 3956 748 3992 ant
760 3946 829 4009 plebi
854 3945 927 4008 (tert.
944 3963 1006 4003 cas,
1022 3956 1065 3993 aut
1090 3961 1139 3992 sec.
1161 3945 1211 3992 vid.

183 4019 207 4065 5.
218 4020 327 4084 Majores
337 4022 453 4069 cestriae
463 4023 652 4088 vosqnidem...
703 4025 740 4082 11,
760 4025 808 4083 33,
823 4041 848 4072 n.
862 4023 898 4088 a)
915 4025 1042 4073 concilium
1059 4023 1149 4071 tribuni
1165 4024 1214 4070 edi·

138 4095 208 4161 forte
228 4099 404 4164 temere(vide
421 4100 453 4147 ad
466 4103 504 4160 11,
519 4103 548 4149 31
561 4136 569 4160 ‚
583 4118 607 4151 n.
624 4100 658 4166 3)
701 4102 868 4162 :coronemur
879 4104 969 4168 aliquis
987 4121 1019 4152 ex
1033 4102 1213 4168 magistratibus
1300 4149 1302 4154 ,

144 4176 210 4223 coire
228 4178 376 4227 aulnenent:
395 4179 457 4228 mele
473 4182 544 4229 multi
558 4183 620 4229 Mss
634 4191 658 4230 et
702 4196 754 4229 um
767 4198 811 4231 sen
823 4199 867 4230 vos
879 4182 917 4230 ad
926 4183 1067 4231 concionem
1080 4193 1211 4234 vocassem

144 4253 201 4302 edd.
222 4267 285 4304 antt.
311 4257 447 4306 noluerunt.
471 4260 571 4308 Rectius
600 4275 656 4308 sane
701 4260 799 4309 vidend
812 4262 894 4321 1‚36‚
907 4278 933 4309 n.
947 4280 970 4322 7.

142 4333 273 4382 voluerunt
281 4335 315 4384 ob
324 4351 355 4382 ne
364 4336 460 4400 quidem
469 4355 478 4384 .·
487 4337 529 4385 sed
541 4348 592 4385 tum
602 4355 655 4386 ver·
735 4339 760 4386 6.
774 4340 808 4388 Iis
818 4357 851 4388 esc
860 4340 985 4395 obscenae,
998 4351 1046 4388 etc.
1060 4340 1122 4387 sorte
1132 4337 1168 4383 tis
1179 4351 1208 4381 ea

141 4410 173 4459 ba
192 4414 321 4461 censebant
339 4414 425 4463 debere
445 4432 515 4482 paene
535 4416 652 4480 glossema
699 4420 825 4476 obscenum
839 4423 924 4469 Bauer.

141 4491 250 4554 sapian13
267 4493 355 4543 Bauer.
378 4521 413 4530 -
431 4495 487 4543 Nisi
501 4511 575 4560 quum
591 4509 652 4553 aut,
733 4513 756 4558 7.
768 4501 840 4546 Ferro
853 4498 998 4550 decernent,·
1011 4495 1066 4542 vido
1081 4494 1113 4541 ad
1128 4493 1207 4546 ul,

141 4568 234 4616 uexillo
255 4569 280 4616 in
301 4587 358 4620 arce
375 4574 473 4637 posito,
500 4575 651 4623 comitiorum
698 4585 744 4636 tr,
760 4593 785 4624 n.
799 4593 825 4624 a.
