2722 5040
173 764 299 868 3:323:
377 790 528 857 iluna
559 788 783 857 xxxviu.
811 790 917 857 car.
946 791 985 857 u.
1148 789 1217 886 295

147 931 221 1005 que
235 904 449 1005 frequentes
462 907 711 981 decreverunt.
728 911 917 1007 Oppressit
928 908 1060 981 deinde
1071 913 1221 981 mentio

148 1041 234 1090 nem
249 1021 536 1117 memoriamque
553 1042 700 1090 omnem
717 1020 961 1091 contentionis
977 1019 1087 1114 hujus
1102 1021 1219 1115 majus

148 1143 282 1202 etcum
296 1130 433 1224 majore
446 1144 483 1202 et
497 1129 647 1206 clariore
661 1131 739 1200 viro
752 1142 933 1201 certamen
949 1144 1080 1201 ortum.
1096 1135 1133 1201 P.
1149 1132 1219 1202 Sci«

148 1241 250 1338 pioni
271 1239 443 1312 Africano
464 1241 532 1337 (ut
553 1239 722 1312 Valerius
750 1241 870 1311 Antias
891 1253 1016 1310 auctor
1041 1239 1118 1335 est)
1142 1238 1218 1312 duo

148 1353 193 1442 Q.
213 1346 366 1424 Petillii³
390 1351 486 1423 diem
504 1350 686 1422 dixerunt.
708 1349 773 1437 ld,
791 1358 902 1449 prout
920 1351 1099 1446 cujusque
1116 1351 1220 1448 inge·

149 1462 252 1532 nium
266 1474 366 1549 erat,
380 1459 725 1558 interpretabantur.
741 1458 809 1530 Alii
822 1481 898 1530 non
911 1458 1222 1557 tribunusplebis,

146 1569 209 1642 sed
226 1570 433 1642 universam
451 1571 650 1655 civitatem,
673 1592 754 1666 quae
771 1569 809 1640 id
827 1570 901 1667 pati
918 1584 1060 1667 posset,
1082 1571 1219 1643 incusa-

145 1679 246 1752 bant.
272 1687 378 1754 Duas
403 1689 587 1754 maximas
610 1680 706 1752 orbis
731 1695 908 1751 terrarum
931 1680 1036 1753 urbes
1057 1690 1217 1779 ingratas

148 1814 220 1863 urta
233 1816 352 1890 prope
369 1808 529 1892 tempore
545 1799 582 1862 in
590 1796 776 1889 principes
795 1797 974 1877 inventas,·
991 1797 1147 1863 Romam
1166 1800 1218 1864 iu·

142 1907 359 1998 gratiorem,
376 1909 410 1974 si
429 1903 578 2000 quidem
597 1908 695 1973 victa
717 1901 898 1996 Carthago
916 1907 1053 1973 uictum
1071 1908 1217 1976 Hanni-

148 2011 266 2084 balem
283 2018 321 2084 ia
345 2010 512 2085 exsilium
530 2011 743 2111 expulisset,
762 2016 880 2081 Roma
896 2016 1028 2095 vicum
1043 2019 1216 2085 uictorem

147 2124 365 2213 Africanum
380 2123 549 2222 expellat.
568 2123 653 2208 Alii,
672 2126 865 2194 Neminem
882 2144 995 2191 unum
1014 2128 1124 2193 civem
1138 2140 1217 2194 tan·

147 2246 221 2303 tum
239 2238 397 2305 eminere
413 2233 561 2319 debere,
588 2247 629 2302 ut
650 2228 788 2327 legibus
810 2236 1024 2325 interrogari
1039 2255 1112 2301 non
1122 2257 1214 2329 pos·

145 2346 238 2428 sit⁴3
255 2344 352 2416 nilril
365 2360 439 2415 tam
454 2343 650 2442 aequandae
664 2341 838 2413 libertatis
857 2364 951 2427 esse,
968 2366 1081 2437 quum
1088 2360 1215 2440 poten·

147 2459 321 2525 tissimum
339 2479 520 2552 quemque
528 2477 640 2551 posse
657 2451 776 2521 dicere
793 2474 955 2520 causam.
978 2450 1081 2542 Quid
1093 2468 1215 2523 autem

146 2577 221 2633 tuto
242 2571 436 2661 cuiquam,
462 2564 597 2634 nedum
622 2583 804 2632 summam
829 2559 1108 2663 rempublicam,
1124 2588 1214 2660 per-

146 2677 256 2759 mitti,
273 2681 308 2744 si
323 2681 416 2747 ratio
431 2698 504 2745 non
521 2680 569 2745 sit
582 2671 798 2743 reddenda?
815 2674 891 2763 Qui
893 2660 961 2766 jus
975 2696 1121 2769 aequum
1128 2683 1216 2772 pati

145 2805 219 2852 non
225 2789 360 2880 possit,
379 2789 417 2854 in
435 2808 519 2854 eum
536 2789 613 2854 vim
631 2780 737 2851 haud
752 2783 923 2875 injustam
940 2794 1025 2853 esse'.
1046 2788 1127 2855 Haec
1143 2788 1214 2882 agi-

145 2905 217 2963 tata
237 2891 487 2978 sermonibus,
513 2891 631 2964 donec
656 2891 733 2962 dies
760 2888 921 2961 dicendae
949 2915 1062 2963 causac
1086 2897 1211 2965 venit:

145 3025 214 3073 nec
228 3001 318 3073 alius
334 3018 439 3074 antea
456 3005 671 3102 quisquam,
688 3024 756 3073 nec
773 3000 833 3072 ille
853 3004 929 3099 ipse
947 3005 1066 3100 Scipio
1085 3006 1212 3101 consul

145 3135 316 3184 censorve
333 3114 470 3208 majore
489 3115 608 3185 omnis
626 3113 768 3211 generis
786 3110 975 3194 hominum
993 3111 1211 3210 frequentia,
1302 3102 1306 3111 ¹

145 3243 254 3315 quam
269 3245 354 3294 reus
369 3223 433 3301 ilio
449 3223 524 3308 die,
540 3226 579 3295 in
597 3223 718 3295 forum
738 3237 791 3292 est
810 3221 998 3294 deductus.
1015 3229 1140 3296 Jussus
1156 3224 1213 3296 di·

145 3352 226 3400 cere
239 3354 400 3420 causam,
415 3335 492 3404 sine
507 3334 579 3405 ulla
594 3335 787 3406 criminum
806 3336 993 3405 mentione
1010 3336 1210 3407 orationem

145 3591 179 3638 cia
185 3591 309 3641 Gmchins
317 3594 344 3641 in
353 3593 438 3643 uetur.
449 3596 480 3643 ad
490 3598 558 3643 Post.
568 3596 652 3659 Sigon
697 3593 776 3649 ¹111,
789 3600 818 3647 rt
827 3629 834 3652 ,
843 3608 868 3639 n.
883 3592 913 3648 53
923 3591 993 3638 Cart.
1003 3588 1035 3636 ad
1045 3590 1141 3638 Sallust.
1156 3593 1209 3642 Cat.

145 3669 207 3733 disp.
216 3686 270 3735 cap.
282 3681 387 3731 t,recte
399 3672 522 3733 ostendit,
530 3673 655 3738 privabam
702 3671 747 3729 1s;
757 3671 865 3719 Brimon.
879 3671 909 3729 de
925 3672 1004 3717 Fomu
1019 3670 1051 3729 V,
1068 3684 1124 3734 pag.
1143 3680 1191 3731 471
1203 3709 1210 3729 ‚

145 3760 169 3795 et
182 3763 236 3796 eam
249 3748 522 3814 imperioesseinterse
535 3751 655 3800 contraria
700 3748 819 3796 etselect.
833 3764 864 3795 ex
879 3750 933 3797 Jur.
950 3747 997 3796 civ.
1013 3759 1063 3796 ant.
1077 3750 1114 3806 11,
1128 3764 1152 3804 ι.
1176 3778 1211 3788 -

144 3842 206 3886 erte,
218 3828 656 3895 qnod,praetersigon.,etitmb1n·
701 3826 771 3874 Nihil
786 3839 837 3874 tam
857 3827 988 3890 aequanda
1010 3826 1127 3876 libertates
1142 3845 1211 3890 csse,-

143 3904 656 3974 ret.a‹lCic.Cat.1,1negnt,„aner,
701 3905 806 3953 vidend
828 3906 883 3965 111,
898 3914 948 3969 aa,
962 3922 987 3954 n.
1005 3923 1027 3954 1.
1040 3908 1210 3958 -Summam

143 3984 215 4035 Cotti.
229 3985 261 4034 ad
274 3988 299 4047 1,
315 3996 365 4051 to,
378 4007 402 4039 n.
416 3990 439 4038 6.
696 4001 787 4048 remp,
801 3985 833 4034 ab
842 3985 901 4049 reip.
907 4002 917 4043 ,¹
926 3985 1044 4034 univorsa
1057 3986 1151 4037 scilicet
1162 3993 1208 4037 rei·

179 4066 203 4114 3.
221 4066 277 4114 Duo
298 4067 327 4130 Q.
346 4067 450 4126 Petillii,
474 4078 520 4116 etc.
543 4067 599 4117 vide
620 4068 652 4116 ad
696 4063 921 4127 publicantium.
933 4063 1137 4129 vide-dnm,
1148 4085 1173 4118 n.
1184 4069 1208 4118 6.

143 4160 199 4209 cap.
215 4144 263 4201 56,
274 4162 299 4194 n.
314 4163 338 4196 a.
696 4170 731 4180 -
754 4143 890 4207 Saepissime
913 4146 981 4208 apud
999 4146 1159 4205 Cicemnem,
1181 4159 1209 4195 nt

178 4231 202 4278 t.
217 4224 344 4272 Neminem
358 4241 432 4273 unum
446 4227 519 4274 civem
534 4226 608 4291 (vide
620 4226 652 4273 ad
696 4221 810 4270 observat
826 4224 942 4287 Doering.
959 4241 1052 4273 summa
1073 4226 1210 4292 republica

144 4303 194 4363 111,
216 4318 264 4360 ra,
282 4320 306 4352 n.
329 4306 476 4370 a)taamm
493 4306 596 4352 eminere
611 4306 651 4369 dep
696 4301 831 4364 pariterue
852 4316 946 4349 summa
965 4306 1099 4368 respublica
1120 4307 1210 4353 dicitur

143 4381 214 4437 bere,
232 4394 259 4429 ut
282 4399 333 4429 non
344 4383 422 4448 possit
443 4385 533 4450 legibus
551 4384 652 4431 interro·
697 4377 728 4426 to
738 4395 774 4438 re,
785 4381 811 4428 in
823 4396 870 4444 qun
884 4383 1005 4431 universae
1017 4384 1158 4449 reipublicae
1170 4400 1206 4430 sa-

140 4460 209 4520 gari,
230 4463 352 4524 monstri,
366 4464 391 4510 in
409 4466 450 4525 jus
472 4465 563 4512 vocari.
580 4463 652 4513 Cunl.
697 4459 735 4506 ¹¹¹⁸
750 4461 864 4515 vestitum
880 4461 936 4508 vide
952 4464 1047 4511 Emeit.
1066 4464 1133 4511 ctu.
1155 4462 1209 4508 Cic.

143 4538 263 4598 aum,
281 4542 329 4602 37,
349 4558 376 4590 n.
392 4544 467 4602 uad
487 4544 564 4592 Tacit.
586 4544 651 4593 Anu.
697 4538 981 4593 sabroesummn.
