2722 5040
158 776 207 871 94
588 770 627 838 Τ.
662 755 801 839 mvtr
1074 748 1199 852 &52:321

157 890 346 990 hmphissa
375 887 595 961 thessaliam
621 889 783 987 repetit,
812 903 854 960 ut
881 912 949 989 per
975 888 1226 964 Macedoniarn

157 1002 418 1098 Thraciamque
432 998 582 1072 duceret
595 1000 635 1070 in
645 1001 776 1071 ¹Asiam.
795 1004 888 1072 Tum
901 997 1091 1073 'Africanus
1103 999 1224 1090 hami,

157 1145 175 1181 a
188 1118 281 1202 lter,
295 1110 396 1209 quod
411 1112 563 1198 insistis,
577 1113 618 1181 L.
636 1110 778 1208 Scipio,
793 1133 862 1209 ego
876 1133 1025 1208 quoque
1038 1109 1224 1209 approho;

155 1224 250 1296 «sed
269 1237 389 1295 totum
407 1221 444 1292 id
462 1221 616 1292 vertitur
633 1221 672 1290 in
689 1221 876 1292 voluntate
894 1219 1061 1320 Philippi.
1081 1225 1175 1315 Qui,
1193 1225 1225 1294 si

155 1333 341 1432 «imperio
364 1346 492 1404 nostro
516 1329 612 1402 fidus
632 1346 706 1419 est,
730 1345 769 1403 et
794 1333 863 1403 iter
887 1346 923 1403 et
943 1347 1166 1406 commeatus
1187 1350 1224 1406 et

154 1475 172 1512 a
187 1447 325 1531 omnia,
338 1466 423 1540 -quae
439 1443 477 1512 in
496 1440 606 1538 longo
624 1441 754 1514 itinere
771 1440 948 1514 exercitus
966 1441 1068 1514 alunt
1080 1443 1224 1538 juvant·

156 1579 261 1655 aque
272 1552 409 1644 ,nobis
428 1550 684 1651 suppeditabit.
712 1554 748 1624 si
766 1552 797 1624 is
814 1550 1026 1640 destituat&
1046 1551 1138 1624 nihil
1156 1578 1222 1653 per

152 1666 372 1738 aThraciam
397 1665 481 1736 satis
509 1677 629 1735 tutum
646 1661 818 1736 habebis.
847 1669 975 1762 Itaque
1002 1664 1103 1762 prius
1126 1667 1221 1764 regis

151 1779 346 1851 «animum
370 1775 551 1874 explorari
571 1774 698 1872 placet.
725 1774 873 1873 Optime
898 1773 1169 1873 explorabitur,
1189 1777 1220 1849 si

149 1888 274 1960 anihil
286 1914 332 1961 ex
341 1900 542 1987 praeparato
556 1898 723 1983 agentem
736 1887 934 1984 opprimet,
943 1884 1007 1981 qui
1016 1887 1181 1958 mittetur
1191 1918 1217 1958 a.

148 2001 202 2070 Ti.
222 2000 458 2097 Sempronius
475 1995 804 2093 Gracchus,-longe
820 2009 899 2065 tum
914 1995 1109 2066 acerrimus
1120 1995 1220 2092 juve·

142 2126 240 2181 num
256 2107 302 2180 ad
315 2107 353 2180 id
368 2106 547 2194 delectus,
562 2130 628 2202 per
640 2105 834 2204 dispositos
846 2129 966 2203 equos
978 2129 1094 2204 prope
1108 2108 1218 2180 incre

148 2218 254 2291 dibili
266 2219 447 2291 celeritate
461 2215 508 2289 ab
521 2215 710 2315 Amphissa
723 2216 738 2311 (
751 2216 946 2287 indeenim
962 2216 1218 2316 estdimissus)

149 2325 209 2398 die
227 2328 333 2398 tertio
346 2325 480 2398 Pellam
496 2327 672 2424 pervenit.
689 2329 731 2396 In
749 2326 916 2398 convivio
930 2342 1105 2417 rexerat,
1124 2344 1162 2402 et
1179 2331 1217 2401 in

147 2437 304 2509 multum
322 2438 397 2508 vini
414 2450 664 2536 processerat:
687 2461 728 2507 ea
746 2439 822 2536 ipsa
840 2438 1003 2510 remissio
1023 2439 1134 2510 animi
1153 2463 1214 2512 su·

148 2549 347 2646 spicionem
369 2546 546 2645 dempsit,
565 2568 697 2618 novare
722 2570 806 2618 eum
826 2547 1028 2645 quidquam
1046 2548 1150 2621 velle.
1171 2554 1216 2621 Et

146 2671 226 2730 tum
258 2656 406 2755 quidem
435 2659 588 2729 comiter
613 2671 782 2757 acceptus
810 2656 954 2756 hospes.
983 2664 1130 2732 Postero
1156 2659 1215 2735 die

146 2782 369 2841 commeatus
389 2770 562 2840 exercitui
582 2765 920 2867 paratosbenigne,
942 2784 1074 2866 pontes
1092 2772 1129 2841 in
1147 2770 1213 2842 flu-

146 2879 306 2953 minibus
331 2878 466 2967 factos,
492 2880 588 2967 vias,
616 2878 681 2950 uhi
706 2882 878 2974 transitus
900 2878 1064 2954 difficiles
1080 2898 1212 2966 erant,

137 2992 304 3062 'munitas
327 2989 427 3062 vidit.
453 2996 536 3061 Hac
556 2989 716 3062 referens
736 2989 881 3078 eadem,
901 3015 974 3088 qua
996 2992 1103 3080 ierat,
1120 2992 1212 3064 cele·

144 3103 250 3173 ritate
277 3100 492 3171 Thaumacis
521 3101 679 3172 occurrit
703 3100 854 3171 consuli.
884 3100 975 3172 Inde
1003 3104 1156 3175 certiore
1177 3118 1213 3175 et

145 3212 282 3307 majore
297 3235 360 3308 spe
375 3211 477 3282 laetus
491 3212 668 3283 exercitus
684 3210 729 3281 ad
742 3225 939 3309 praeparata
952 3213 1075 3282 omnia
1087 3213 1124 3283 in
1139 3217 1212 3284 Ma·

145 3321 334 3394 cedoniam
360 3321 536 3420 pervenit.
563 3322 758 3392 Venientes
780 3322 880 3419 regio
902 3336 1076 3419 apparatu
1098 3336 1135 3393 et
1152 3348 1211 3394 ac·

145 3435 261 3531 cepit,
285 3448 321 3504 et
342 3446 586 3531 persequutus
610 3447 666 3503 est
687 3456 762 3503 rex.
784 3431 898 3503 Multa
915 3433 953 3502 in
972 3457 1017 3505 eo
1032 3449 1068 3505 et
1085 3434 1210 3506 dexte·

144 3546 230 3616 ritas
256 3559 293 3616 et
319 3542 523 3615 humanitas
551 3543 649 3627 visa,
681 3566 762 3640 quac
789 3541 1091 3614 commendabilia
1113 3545 1209 3642 apud

24 3650 32 3661 '
143 3654 350 3727 Africanum
369 3669 493 3741 erant3
512 3655 649 3741 virum,
671 3654 762 3724 sicut
779 3649 825 3722 ad
841 3649 993 3724 caetera⁵
1010 3655 1210 3752 egregium,

144 3875 176 3923 aa
193 3876 316 3934 xxxiv,
334 3875 382 3931 er,
401 3889 427 3920 n.
441 3852 467 3920 i.
479 3901 515 3910 -
532 3875 618 3921 rosum
630 3871 658 3919 aa
700 3886 751 3935 quo
771 3871 898 3920 onnam
919 3874 1074 3932 acme,
1098 3873 1209 3923 mmm

143 3954 248 4003 vertitur
267 3954 292 4001 in
316 3953 443 4001 volume
468 3952 582 4018 Phihppi.
606 3955 655 4001 ero
699 3950 1209 4015 cubito,proleuis,equirecentrsetin·

143 4034 249 4097 vulgari:
265 4032 345 4080 omnic
360 4031 432 4092 boine
447 4031 541 4079 itineris
553 4042 655 4080 eventus
700 4030 774 4094 tegrin
785 4030 886 4079 viribus.
897 4029 962 4079 Nos:
976 4032 1057 4081 relais.
1067 4034 1114 4082 En.

141 4114 174 4163 ab
184 4128 215 4162 eo
228 4111 346 4176 pendebit
361 4111 443 4158 animo
453 4145 459 4169 ,
470 4126 521 4174 qno
537 4127 593 4175 erga
609 4127 655 4159 noe
735 4110 759 4158 5.
771 4110 855 4158 Virum
864 4111 901 4158 ad
910 4123 963 4159 σαι.
979 4112 1109 4176 egregium.
1123 4116 1209 4162 «Prae-

142 4191 244 4240 effeetne
255 4201 291 4238 eet
302 4189 495 4254 Philipposlin.
698 4189 847 4254 positionem
857 4190 917 4237 ada
929 4189 989 4237 leve
1001 4206 1075 4240 manu
1088 4192 1137 4241 huc
1151 4193 1209 4242 irre·

180 4281 204 4328 a,
215 4270 242 4319 Si
260 4269 280 4318 is
295 4268 410 4318 destituar
423 4268 529 4332 enabage
542 4268 652 4325 numeri,
697 4269 774 4333 paiste
791 4268 949 4326 crediderim,
966 4281 990 4318 et
1009 4271 1062 4334 ipse
1078 4284 1164 4322 auctor
1181 4275 1208 4322 id

143 4351 192 4400 nisi
200 4351 248 4415 leg.
256 4348 377 4406 Meuia,
390 4360 418 4397 ut
426 4348 449 4396 si
450 4347 522 4416 fidas
530 4360 579 4404 est,
588 4347 653 4395 nul.
698 4348 847 4397 demonstrat
858 4350 884 4397 in
894 4349 943 4396 illic
953 4367 1008 4414 quar
1017 4352 1112 4402 contuli
1120 4355 1153 4403 ad
1163 4355 1207 4403 lib.

144 4434 229 4491 ePer
236 4429 364 4495 dispositos
373 4443 460 4492 equos,
469 4427 493 4475 h.
503 4445 524 4476 e.
534 4442 611 4492 equos
620 4427 654 4475 ita
699 4430 775 4488 xxi,
791 4429 839 4487 34;
855 4429 972 4489 xxvn,
991 4447 1019 4480 11
1029 4466 1037 4488 ,
1055 4445 1082 4482 ut
1087 4433 1208 4498 pleraque

142 4509 276 4574 dispositos
287 4524 330 4573 per
342 4518 407 4556 certa
418 4506 464 4556 via
475 4506 614 4566 intervalla,
627 4519 655 4555 ut
691 4507 813 4573 faciliora
829 4509 866 4558 ad
876 4507 1027 4572 duplicanda
1040 4512 1117 4561 verda
1124 4529 1206 4578 μου
