2722 5040
197 721 244 815 74
620 722 660 788 T·
692 718 832 787 mvn
1109 700 1233 803 etet:

194 837 379 910 Phocaeam
395 840 590 938 petierunt.
613 835 723 924 Inde,
740 861 854 934 quum
869 839 1045 928 audisset,
1063 843 1261 940 appropin-

195 973 308 1045 quare
326 950 400 1046 jam
417 974 605 1026 romanam
623 949 788 1036 classem,
806 975 891 1040 rex,
910 954 995 1048 quia
1015 977 1090 1023 non
1104 952 1260 1024 interfu-

195 1073 299 1131 turus
311 1060 431 1133 navali
447 1061 633 1134 certamini
648 1074 741 1149 erat,
756 1063 991 1158 Magnesiam,
1008 1086 1089 1159 quae
1104 1063 1149 1133 ad
1163 1063 1262 1162 sipy-

99 1180 101 1186 ’
194 1167 271 1239 lum
284 1185 339 1242 est
348 1172 376 1254 ⁴,
391 1171 583 1256 concessit,
594 1168 639 1241 ad
653 1183 841 1241 terrestres
852 1172 974 1269 copias
987 1172 1259 1269 comparandas.

176 1313 179 1324 ·
193 1279 324 1350 Classis
333 1278 378 1352 ad
388 1280 606 1379 Cyssuntem
619 1293 765 1379 portum
774 1280 1044 1377 Erythraeorum
1050 1278 1077 1365 ⁵,
1087 1295 1260 1380 tanquam

195 1385 247 1457 ibi
267 1389 386 1486 aptius
411 1403 657 1488 exspectatura
679 1388 842 1477 hostem,
862 1392 1061 1463 contendit.
1085 1395 1260 1480 Romani,

195 1494 260 1567 ubi
273 1498 432 1594 primum
447 1499 635 1597 aquilones
649 1499 696 1596 (ii
711 1523 869 1597 namque
886 1527 951 1600 per
967 1503 1106 1601 aliquot
1121 1505 1198 1575 dies
1214 1517 1262 1575 to

196 1604 401 1705 nuerantl)
421 1608 603 1700 cecidere,
623 1608 669 1681 ab
694 1611 787 1683 Delo
804 1611 964 1702 Phanas,
981 1627 1131 1712 portum
1149 1613 1260 1685 Chio-

194 1740 278 1789 rum
291 1720 330 1791 in
348 1721 501 1820 AEgaeum
519 1745 618 1794 mare
632 1746 795 1809 versum,
810 1737 959 1822 petunt:
976 1724 1117 1795 indeed
1132 1723 1261 1796 urbem

196 1828 440 1929 circumegere
458 1856 587 1919 naves,
604 1847 884 1930 commeatuque
896 1849 1061 1932 sumpto,
1077 1833 1262 1905 Phocaeam

197 1939 391 2036 trajiciunt.
412 1934 613 2031 Eumenes,
635 1941 763 2014 Elaeam
785 1944 830 2015 ad
852 1969 953 2016 suam
973 1944 1120 2015 classem
1140 1942 1262 2042 profe·

197 2064 296 2139 ctus,
319 2055 441 2151 paucis
455 2068 538 2153 post
551 2055 636 2126 inde
652 2054 798 2144 diebus,
817 2080 900 2128 cum
917 2062 1075 2154 quatuor
1088 2071 1125 2127 et
1136 2057 1262 2154 viginti

197 2154 350 2236 navibus
373 2167 495 2252 tectis,
521 2169 654 2264 apertis
673 2166 859 2264 pluribus,
882 2168 995 2267 paulo·
1015 2194 1034 2238 a
1054 2166 1203 2239 Phocaea
1219 2166 1264 2237 ad

198 2281 402 2363 Romanos,
425 2291 592 2375 parantes
613 2279 908 2376 instruentesque
924 2303 962 2350 se
981 2278 1025 2348 ad
1044 2276 1169 2349 navale
1188 2301 1264 2348 cer-

199 2401 342 2476 tamen,
362 2388 504 2459 rediit⁷.
526 2388 615 2461 Inde
634 2405 780 2461 centum
804 2390 1068 2487 quinquaginta
1087 2389 1190 2460 tectis
1209 2413 1267 2458 na·

198 2589 236 2622 m
252 2576 394 2636 XXXVII,
408 2577 440 2624 23
459 2587 484 2624 ct
504 2577 545 2624 30.
563 2575 626 2624 Edd.
647 2587 708 2626 tutt.
753 2575 801 2641 leg.
811 2593 868 2625 cum
881 2579 959 2625 Gron.
974 2577 1032 2640 quia
1044 2576 1081 2625 ibi
1094 2577 1121 2625 in
1134 2575 1180 2625 MS
1189 2575 1265 2625 Voss.

196 2652 300 2702 minores
319 2672 342 2702 o.
351 2652 448 2719 finum·
461 2655 527 2704 unde
544 2657 622 2705 Gron.
643 2656 710 2717 conj.
753 2666 790 2705 est
801 2656 939 2720 abSipylo,
955 2658 982 2704 in
994 2655 1051 2704 cdd.
1064 2666 1161 2704 arnmot
1172 2653 1265 2718 οὐδῷ.

197 2748 305 2781 moneres
314 2733 432 2800 ostreae.
442 2736 515 2784 conf.
522 2734 555 2782 ad
561 2736 709 2796 XXXVIII,
753 2733 807 2782 vid.
817 2735 850 2783 ad
857 2735 936 2784 Tacit.
944 2737 1009 2783 Anu.
1019 2737 1058 2794 11,
1070 2743 1112 2795 47,
1124 2751 1151 2782 n.
1166 2734 1188 2781 5.

199 2812 246 2870 ³8,
260 2829 285 2861 n.
302 2821 327 2870 4.
342 2840 377 2852 -·
394 2815 522 2863 Varietate
539 2814 709 2877 auxiliorum
789 2815 813 2863 5.
822 2813 866 2862 Ad
874 2815 1010 2877 &serentem
1016 2826 1118 2879 portum
1125 2811 1265 2874 Erythraeo-

198 2893 296 2941 auxilia
309 2909 359 2942 nou
374 2894 405 2942 de
414 2895 493 2960 copiis
502 2894 660 2944 auxIliaribns
669 2914 710 2945 ex·
753 2911 808 2942 rann
822 2895 849 2942 in
868 2896 954 2954 Ionia,
969 2895 1038 2957 cujus
1057 2894 1114 2943 urbs
1130 2893 1265 2949 maritima,

198 2971 275 3036 plicat
286 2973 403 3038 Doering.
416 2974 472 3032 sed,
486 2984 510 3021 et
520 2974 623 3033 merito,
636 2975 667 3024 de
679 2976 710 3025 iis
753 2973 878 3038 Erythra,
887 2975 988 3041 Sibyllae
998 2975 1076 3040 patria
1086 2972 1159 3020 fuisse
1168 2971 1268 3019 dicitur.

197 3066 254 3115 que
267 3052 349 3101 futura
369 3065 450 3102 essem
472 3053 500 3100 in
523 3069 606 3117 pugna
628 3057 709 3104 navali
752 3054 841 3101 Portus
868 3053 932 3102 sorte
954 3053 1020 3101 idem
1040 3068 1140 3117 quoquc
1162 3065 1267 3107 muron,

197 3131 331 3180 commodo
341 3144 365 3181 ct
376 3133 484 3181 auxilio:
496 3134 622 3196 sequentia
636 3135 710 3184 verba
753 3132 822 3196 quod
839 3132 911 3192 urbs,
928 3132 1028 3191 habuit;
1039 3130 1090 3179 vid.
1104 3129 1184 3179 smh.
1194 3130 1269 3186 XIV,

199 3209 300 3257 multum
319 3210 462 3275 adjuturam
482 3209 596 3258 notitiam
615 3214 689 3262 marr's
699 3250 706 3273 ,
753 3197 879 3276 mildi.

197 3287 434 3339 otnlruncsencum
444 3292 710 3341 wentanum-Pto-
789 3291 814 3338 6.
827 3291 961 3355 Aquilone:
976 3306 1025 3355 per
1045 3288 1141 3353 aliqrwt
1160 3286 1212 3334 dies
1232 3297 1267 3334 te-

198 3385 293 3426 mam,
306 3368 437 3434 Φώκαιαν,
448 3388 500 3419 uon
510 3366 630 3434 φυκίδα,
642 3373 711 3436 quod
755 3381 873 3434 onerarem
884 3369 941 3417 vide
954 3369 986 3417 ad
1001 3372 1042 3428 11,
1058 3370 1087 3426 3,
1102 3385 1128 3415 n.
1148 3367 1173 3415 6.
1181 3393 1216 3403 --
1228 3366 1268 3412 Ab

199 3449 275 3513 vulgo
291 3450 357 3514 apud
374 3453 481 3517 Appian.
493 3454 595 3520 legitur3
609 3453 667 3500 vide
679 3453 712 3501 ad
756 3451 817 3499 Delo
839 3448 955 3509 Phanas,
973 3462 1073 3515 portum
1094 3460 1119 3499 et
1141 3456 1267 3514 promont.

199 3529 232 3586 V,
244 3530 276 3586 34
285 3563 293 3588 ,
301 3545 328 3578 n.
339 3546 362 3590 7.
757 3528 871 3577 catorum
883 3531 928 3589 ,in
940 3547 990 3595 quo
1001 3529 1119 3595 templum
1131 3528 1178 3575 fuit
1189 3525 1268 3591 Apol·

236 3616 261 3664 4.
270 3610 422 3673 Magnesiam
427 3646 435 3668 ,
446 3628 502 3674 quae
510 3610 547 3659 ad
552 3609 659 3675 Sepylum
666 3624 709 3669 est,
755 3594 812 3655 liuis
830 3609 943 3668 Phanaei3
962 3611 1055 3658 confer.
1070 3608 1162 3666 XLIV,
1175 3607 1226 3666 28,
1244 3616 1269 3653 et

200 3700 309 3737 montem
318 3690 417 3754 Lydiae:
429 3692 475 3739 alia
488 3690 712 3755 fuitmperseued
756 3687 835 3738 Strab.
846 3690 916 3747 XIV,
930 3689 989 3745 645.
1010 3688 1081 3737 Chius
1098 3686 1177 3735 insule
1196 3685 1269 3733 maris

199 3770 451 3828 Maeandrum,loniae
460 3770 562 3838 fl.(vid.
572 3771 712 3827 xxxvu,
756 3769 828 3816 lcarii
849 3767 928 3833 (hod.
951 3768 1010 3817 ctio
1028 3785 1071 3816 eeu
1090 3766 1183 3830 Scio),
1204 3765 1269 3812 iuter

201 3850 244 3905 ⁴⁵.
254 3849 414 3920 Μαγνησῖαὴ
425 3843 646 3920 πρὸςΜαιανδρῷ,
657 3856 714 3903 Μαι·
757 3851 856 3898 Samum
872 3850 1039 3914 lesbmnque,
1053 3847 1196 3896 exadverco
1206 3846 1269 3910 Ery·

199 3928 294 3999 γντῑτων
311 3929 414 3983 ἀποικία.
432 3934 476 3990 τῆς
491 3931 514 3982 ἰν
527 3930 655 4000 Θετταλίᾳ
672 3926 713 3984 καὶ
757 3927 850 3987 thraeae,
875 3929 1004 3977 nobilitata
1024 3942 1142 3975 marmore
1160 3923 1270 3986 vinoque

200 4015 320 4079 Κρητῶν,
336 4012 415 4060 Strub.
424 4013 496 4067 XIV,
506 4024 561 4073 pag.
572 4009 711 4069 63631‘1111.
757 4007 820 4057 Chio
841 4020 866 4057 et
885 4008 993 4057 Ariusio.
1006 4034 1041 4042 -
1058 4006 1121 4052 Inde
1140 4001 1176 4050 nd
1186 4000 1270 4049 urbem

199 4091 233 4149 V,
243 4106 277 4153 ²9
288 4107 330 4138 eeu
343 4089 400 4154 31),
411 4103 436 4139 et
450 4089 521 4138 tertIa
534 4088 560 4135 ln
575 4088 712 4153 Magnesia,
756 4085 916 4152 circumegere
928 4101 1012 4141 naves,
1023 4100 1111 4148 nempe
1123 4081 1155 4130 ad
1167 4081 1269 4139 Chium,

199 4182 269 4239 parte
287 4171 416 4219 Thenatas
429 4170 534 4237 (XLII,
553 4166 602 4227 543
622 4172 713 4230 XLIV,
756 4165 842 4214 urbem
851 4166 937 4216 insulae
945 4164 1129 4227 cognominem.
1139 4162 1185 4210 Eu.

204 4267 231 4312 μ
244 4248 325 4314 ),eul1
337 4251 405 4298 Pelio
413 4258 505 4296 moute.
513 4247 603 4294 Nostra
612 4249 714 4312 Magne·
794 4264 817 4309 7.
828 4247 887 4294 cum
898 4246 987 4293 XXIV
993 4243 1094 4292 navibus
1105 4240 1187 4297 tectis,
1198 4255 1269 4302 aper·

199 4330 235 4389 sia
252 4329 343 4377 dicitur
356 4330 392 4375 M.
410 4327 459 4378 ἀπὸ
475 4327 596 4388 Σιπύλου,
614 4338 638 4376 ct
651 4330 710 4398 πρὸς
757 4324 787 4373 tis
801 4324 876 4392 (vide
889 4324 920 4372 ad
935 4324 1023 4382 XXII,
1038 4338 1086 4385 19,
1098 4338 1124 4370 n.
1145 4316 1269 4382 t)p1uri-

201 4409 299 4477 Σιπύλῳ
307 4408 357 4463 etri
368 4407 415 4458 ὑπὸ
426 4407 539 4475 Σιπὺλῳ,
550 4415 578 4452 ut
587 4407 650 4455 some
659 4409 712 4455 Ma·
755 4405 901 4468 haspanio,
911 4421 928 4450 a
941 4402 1044 4450 Ptocoea
1057 4401 1094 4449 ad
1102 4401 1264 4447 Romanos...

198 4486 285 4551 guesia
295 4487 339 4536 sub
348 4485 429 4552 Sifflo
441 4488 580 4547 XXXVII,
591 4494 637 4544 tt,
647 4503 672 4536 u.
682 4503 711 4544 a,
756 4484 843 4536 rediit:
855 4484 889 4532 ita
899 4482 973 4546 vulgo
983 4481 1071 4547 legitur
1079 4477 1272 4541 interpungitur·
