2722 5040
152 752 198 834 42
572 750 610 816 T.
645 749 788 818 LlVlI

151 868 323 942 Heraclea
343 870 382 939 in
401 864 582 940 radicibus
601 872 702 940 OEtae
718 872 901 959 montis²;
921 875 998 968 ipsa
1015 873 1054 942 in
1072 896 1216 968 campo,

148 1005 269 1052 arcem
296 980 547 1050 imminentem
572 978 655 1050 loco
686 980 758 1050 alto
787 996 823 1051 et
853 980 1017 1078 undique
1045 982 1219 1079 praecipiti

150 1088 270 1163 habet.
299 1089 575 1187 Contemplatus
606 1091 753 1175 omnia,
780 1115 861 1188 quae
888 1090 1071 1163 noscenda
1094 1105 1218 1178 erant,

149 1217 309 1299 quatuor
329 1200 436 1273 simul
458 1200 545 1272 locis
566 1200 712 1298 aggredi
728 1200 859 1273 urbem
876 1202 1083 1273 constituit:
1110 1199 1219 1303 ailu-

149 1314 248 1384 mine
274 1317 395 1409 Asopo
405 1307 433 1394 ³,
461 1324 593 1408 quaet
619 1313 846 1409 gymnasium
873 1328 950 1402 est,
972 1317 1011 1383 L.
1034 1312 1218 1384 Valerium

148 1423 321 1522 operibus
337 1438 446 1522 atque
463 1423 958 1522 oppugnationipraeposuit:
981 1448 1100 1494 arcem
1118 1435 1219 1495 extra

147 1557 297 1622 muros,
322 1558 403 1630 quae
422 1530 649 1629 frequentius
665 1557 799 1632 prope,
820 1558 930 1632 quam
951 1532 1059 1620 urbs,
1077 1532 1218 1603 habita·

146 1642 292 1729 baturi,
310 1646 362 1716 Ti.
381 1643 596 1743 Sempronio
614 1647 740 1742 Longo
759 1640 1041 1742 oppugnandam
1058 1641 1182 1714 dedit:
1199 1668 1219 1712 a

148 1756 232 1826 sinu
253 1752 406 1827 Maliaco
417 1752 445 1842 ⁵,
470 1764 551 1853 quae
569 1753 708 1844 aditum
726 1753 824 1825 baud
844 1752 985 1826 facilem
1004 1777 1087 1851 pars
1107 1751 1218 1823 habe·

148 1866 232 1953 bat,
252 1870 301 1937 M.
320 1864 499 1951 Baebium3
523 1863 569 1936 ab
592 1864 707 1938 altero
728 1865 929 1953 amniculo,
945 1888 1055 1962 quem
1077 1863 1220 1934 Melana

147 1989 298 2063 vocant,
316 1975 486 2048 adversus
506 1977 630 2047 Dianae
646 1975 841 2073 templum,
857 1980 923 2073 Ap.
940 1974 1133 2046 Claudium
1151 1999 1219 2072 op·

146 2087 281 2183 posuit.
311 2091 452 2157 Horum
478 2110 612 2184 magno
641 2086 836 2157 certamine
865 2086 958 2155 intra
985 2106 1121 2181 paucos
1143 2080 1219 2152 dies

147 2210 265 2269 turres
284 2198 488 2294 arietesque
502 2210 538 2268 et
556 2196 646 2267 alius
661 2197 780 2266 omnis
796 2210 989 2294 apparatus
1003 2204 1232 2290 oppugnan-¹

147 2305 277 2377 darum
295 2305 440 2378 urbium
455 2306 663 2404 perficitur3
677 2320 714 2377 et
728 2330 842 2403 quum
859 2330 943 2404 ager
956 2302 1221 2381 Heracleensis,

148 2417 308 2515 paluster
329 2419 447 2489 omnis
469 2415 715 2516 frequensque
736 2419 896 2514 proceris
918 2413 1128 2501 arboribus,
1153 2412 1220 2485 be·

147 2528 258 2626 nigne
282 2529 328 2599 ad
352 2553 462 2601 omne
487 2552 601 2626 genus
625 2552 778 2626 operum
802 2530 987 2598 materiam
1011 2523 1218 2623 suppedita-

147 2635 228 2727 bat3
240 2653 340 2727 tum,
352 2640 438 2738 quia
451 2636 661 2736 refugerant
673 2639 768 2708 intra
780 2639 917 2709 moenia
929 2636 1053 2722 AEtoli,
1068 2634 1220 2722 deserta,

150 2773 233 2846 quae
257 2751 296 2821 in
318 2748 498 2822 vestibulo
521 2748 622 2820 urbis
645 2763 768 2837 erant,
790 2744 923 2834 tecta⁶,
943 2749 981 2817 in
1001 2747 1119 2818 varios
1133 2770 1220 2817 usus

147 2924 301 2980 transierint.
314 2923 358 2972 sed
367 2924 401 2972 its
414 2935 492 2972 tamen
506 2935 534 2972 ut
548 2924 662 2988 antiquus
706 2927 795 2974 Recte:
811 2924 854 2973 sed
865 2935 969 2988 quatuor
978 2921 1019 2970 ills
1032 2921 1107 2969 verbe
1120 2936 1172 2967 non
1186 2919 1220 2968 ls-

146 3017 232 3051 eorum
251 3019 309 3051 usus
332 3018 383 3050 non
407 3002 509 3050 omnino
526 3003 660 3051 obsolesoe
706 3018 798 3069 guntur
821 3007 849 3053 in
871 3006 933 3053 MSS
951 3013 975 3052 st
1000 3000 1056 3050 edd.
1077 3007 1141 3050 snat.
1164 3013 1220 3050 unte

148 3093 193 3132 ret.
206 3084 254 3131 Eu.
706 3086 834 3151 Μοῖσαι,
849 3096 873 3133 st
892 3098 950 3132 mox
968 3084 993 3131 iu
1010 3081 1069 3130 urbe
1086 3097 1134 3146 pro
1147 3080 1218 3138 urbs,-

184 3178 209 3210 α.
228 3162 283 3210 Sita
301 3174 337 3209 est
349 3162 485 3220 Heraclea,
499 3173 547 3211 eto.
560 3161 617 3211 vide
629 3161 660 3211 sd
705 3165 771 3213 unde
791 3162 838 3230 leg.
852 3176 967 3230 partem,
985 3173 1125 3227 quaesere
1138 3176 1219 3208 muros

149 3242 279 3300 xmus
292 3240 358 3299 5³¹¹·
368 3242 394 3290 ⁶·
697 3242 854 3310 frequentius
859 3258 951 3309 prope,
962 3258 1038 3308 qnam
1049 3241 1074 3289 iss
1085 3241 1157 3297 urbe,
1176 3239 1219 3287 ia·

182 3320 208 3370 3.
217 3318 483 3388 ψηῠιεῇωιίίε
492 3321 585 3386 Asopo,
594 3321 661 3384 quod
707 3318 850 3381 litabam,-
866 3326 945 3372 Gron.
958 3322 1048 3387 probb.
1065 3321 1131 3370 Duk.
1147 3320 1219 3369 Crsv.

146 3400 174 3448 in
183 3400 248 3448 OEts
258 3409 343 3448 monte
355 3399 442 3459 oritur,
456 3411 480 3448 et
493 3399 575 3447 influit
587 3400 615 3448 in
629 3401 662 3447 si·
707 3412 733 3452 st
740 3402 816 3452 nuk.
829 3401 950 3468 (etDoer.
965 3401 1009 3466 qui
1018 3417 1049 3448 ue
1063 3415 1138 3465 porro
1151 3415 1219 3463 eper-

147 3496 207 3528 num
224 3478 370 3537 Maliacum,
386 3478 500 3528 videatur
516 3479 595 3528 Strsb.
608 3482 661 3537 tx,
706 3492 758 3532 tum
768 3498 876 3531 errorem
885 3492 1045 3547 propageret,
1058 3469 1218 3527 ex'Gronovii

146 3572 172 3625 Ρ·
183 3559 248 3615 38²2
264 3560 324 3613 ΜΒ·
705 3564 845 3624 coniectum
861 3561 943 3609 locum
957 3559 1005 3609 sibi
1018 3559 1147 3607 restituere
1156 3558 1218 3605 bene

183 3645 207 3693 4.
224 3636 313 3684 Arcem
324 3648 397 3684 extra
407 3654 506 3696 muros,
525 3654 581 3702 quoe
587 3672 596 3695 ,
612 3648 659 3687 etc·
704 3640 808 3690 videtur.
817 3637 875 3703 En.)
883 3638 1055 3688 Emendstioni
1068 3638 1154 3686 iuvent
1163 3653 1218 3684 ver·

146 3740 158 3759 u
170 3715 330 3781 Ssupronius
345 3717 429 3777 jussus
447 3716 556 3766 intentos
577 3728 660 3765 tenere
704 3720 735 3769 bs
744 3738 797 3786 esp.
808 3726 841 3776 nt
851 3754 858 3778 ‚
868 3736 930 3785 pars
940 3736 991 3767 una
1004 3717 1093 3785 (ipsius
1102 3717 1179 3776 urbis,
1190 3727 1216 3765 st

145 3794 245 3853 milites,
254 3794 312 3843 dum
321 3794 375 3844 slitr
382 3807 431 3844 tres
439 3794 660 3861 pugnusntscies,
706 3799 861 3863 suburbium)
870 3799 895 3847 in
905 3816 956 3865 qua
970 3797 1078 3867 cedifieia
1093 3808 1167 3845 exera
1177 3813 1217 3842 ur·

144 3878 289 3940 signumque
307 3886 463 3940 exspectare:
483 3890 533 3938 quo
552 3874 611 3923 dato
628 3876 659 3923 ab
704 3878 770 3937 bem,
786 3892 834 3932 eto.
849 3879 898 3928 Sed
915 3895 947 3927 ex
961 3877 1049 3926 eodem
1065 3877 1145 3942 cupite
1157 3874 1217 3922 milri

143 3972 187 4004 sus
200 3965 270 4020 parte
279 3954 373 4020 primus
384 3954 506 4021 oppidum
519 3955 586 4018 cepit
596 3954 656 4019 (vid.
702 3959 786 4024 potius
797 3958 883 4008 leviori
895 3956 1032 4007 mutatione
1040 3953 1172 4021 legendum
1181 3954 1218 4000 vi·

144 4051 200 4100 ΜΡ·
220 4041 253 4089 24
274 4033 333 4098 pn).
348 4034 374 4082 Si
391 4050 450 4082 vero
465 4026 497 4083 sl)
508 4050 566 4082 ποθ
578 4047 659 4098 oppu-
703 4035 774 4087 detur
784 4055 866 4087 arcem
875 4048 949 4086 extra
959 4052 1054 4091 muros,
1065 4051 1115 4100 qua
1127 4031 1218 4099 (parte)

146 4114 315 4178 gnrbst,ssm
335 4112 402 4163 bend
417 4112 492 4160 dubie
509 4114 584 4177 cepit.
599 4114 657 4176 Quo
693 4115 850 4183 frequentius
855 4132 947 4183 prope,
962 4132 1038 4180 quum
1049 4115 1074 4162 in
1085 4114 1158 4170 urbe,
1174 4112 1217 4161 da·

144 4193 220 4257 tgitm
239 4204 312 4259 pecto
333 4192 407 4240 AEtoli
426 4201 511 4256 postea
530 4190 555 4238 in
576 4208 657 4239 arcem
702 4197 836 4246 bicatum,

144 4270 226 4338 fugere
238 4272 373 4339 poterant?
388 4270 454 4338 (vid.
469 4286 523 4336 csp.
536 4268 590 4335 αι.)
605 4270 659 4319 Nisi
741 4278 764 4326 5,
782 4279 805 4324 A
822 4276 878 4324 sinu
896 4273 1022 4328 Maliaco,
1043 4272 1074 4319 sb
1089 4289 1116 4319 es
1127 4282 1215 4336 parte,

144 4354 289 4417 quisdicat,
303 4350 659 4410 sutlocosinteresmutatos,
703 4371 751 4420 qus
766 4357 824 4404 urbs
844 4355 924 4402 sinum
947 4353 1081 4401 Maliacum
1102 4350 1217 4415 respicit,

143 4447 186 4481 aut
197 4433 257 4482 dune
268 4434 322 4493 ejus
335 4430 424 4495 oppidi
434 4430 507 4480 scrisse
520 4447 603 4490 arces,
617 4444 659 4480 sut
702 4435 725 4483 ei
734 4434 883 4492 obvertitur,
895 4432 971 4482 unt.
982 4432 1093 4489 ctvm,
1107 4446 1147 4491 17,
1155 4446 1181 4477 u.
1192 4432 1214 4477 5.

145 4528 191 4579 pm
204 4529 262 4561 aree
271 4512 317 4575 leg.
328 4510 476 4560 subrubium.
487 4533 499 4552 n
515 4510 658 4560 Glareanus.
739 4516 763 4563 tt.
780 4516 896 4569 Deserta,
911 4530 967 4578 quae
977 4512 1018 4578 (ex
1030 4510 1125 4559 emend.
1137 4512 1214 4560 Gron.
