2722 5040
191 751 239 848 76
613 755 653 821 r.
686 754 825 823 mvn
968 819 972 826 ,
1103 734 1227 839 egat:

189 875 336 973 triginta
352 873 401 946 ‚in
427 871 547 945 fronte
572 886 694 961 erant,
720 872 854 970 quibus
877 886 918 944 ut
942 889 1101 971 aequaret
1125 875 1253 950 laevum

189 1008 326 1072 cornu,
345 981 541 1056 dolonibus
557 984 685 1056 erectis
705 984 817 1054 altum
837 997 960 1082 petere
979 985 1156 1074 intendit3
1175 989 1253 1085 jus·

189 1096 258 1183 sis,
276 1096 341 1192 qui
356 1093 622 1191 sequebantur,
640 1093 810 1165 adversus
824 1094 993 1166 dextrum
1008 1120 1124 1168 cornu
1138 1122 1253 1197 prope

190 1218 323 1276 terram
352 1229 478 1303 proras
506 1203 669 1302 dirigere.
702 1210 882 1277 Eumenes
911 1229 1040 1303 agmen
1063 1207 1250 1302 cogebat&

189 1318 388 1402 Caeterum,
412 1328 453 1385 ut
480 1312 667 1386 demendis
693 1315 923 1387 armamentis
950 1317 1160 1395 tumultuari
1178 1321 1253 1416 pri·

189 1449 290 1496 mum
307 1439 465 1523 coeptum
485 1439 559 1513 est,
580 1438 617 1496 et
633 1425 730 1523 ipse,
746 1439 881 1521 quanta
900 1427 1054 1497 maxima
1072 1426 1253 1499 celeritate

189 1549 329 1632 potest,
354 1534 512 1606 concitat
534 1558 654 1605 naves.
684 1539 761 1605 lam
789 1533 959 1607 omuibus
987 1537 1026 1606 in
1055 1551 1252 1635 conspectu

190 1641 346 1717 eranti:
377 1644 456 1716 dun
486 1645 626 1743 punica
650 1669 758 1716 naves
780 1643 1043 1716 antecedebant
1066 1669 1253 1725 romanam

188 1754 358 1845 classem,
376 1753 512 1853 quibus
530 1754 644 1827 obviae
662 1769 735 1826 tres
753 1752 901 1826 fuerunt
922 1756 1026 1852 regia
1044 1779 1176 1827 naves:
1196 1762 1253 1841 et,

188 1865 281 1935 utin
296 1888 449 1938 nurnero
462 1864 614 1962 impari,
630 1863 708 1935 duae
722 1865 825 1963 regiae
840 1889 947 1935 unam
963 1865 1231 1936 circumsistunt
1243 1891 1253 1950 ;

187 1988 224 2052 et
236 1975 394 2073 primum
405 1973 451 2046 ab
462 1988 618 2071 utroque
629 1974 740 2046 latere
749 1999 868 2046 remos
880 1976 1092 2073 detergunn
1102 2003 1112 2065 3
1123 1975 1253 2048 deinde

96 2085 99 2101 ¹
188 2083 451 2159 transcendunt
462 2086 608 2172 armati,
625 2101 681 2173 et,
696 2083 845 2181 dejectis
860 2087 1031 2182 caesisque
1048 2111 1252 2185 propugna-

168 2195 330 2275 toribus
343 2245 364 2283 ,-
380 2210 510 2268 navem
535 2186 692 2294 capiunt.
722 2201 824 2278 Una,
853 2221 933 2293 quae
960 2197 1119 2293 compari
1138 2212 1253 2268 marte

95 2344 98 2351 ·
189 2323 423 2380 concurrerat
433 2304 461 2393 ⁵,
473 2322 662 2406 postquam
682 2320 821 2403 captam
833 2306 981 2378 alteram
998 2330 1126 2376 navem
1145 2305 1268 2409 vidit,⁸

189 2417 291 2514 prius
309 2441 417 2513 quam
439 2441 460 2487 a
477 2415 596 2488 tribus
614 2416 721 2487 simul
740 2417 1071 2501 circumveniretur,
1092 2431 1190 2487 retro
1208 2414 1253 2487 ad

186 2527 337 2603 classem
357 2523 499 2623 refugit.
517 2527 656 2614 Livius,
679 2513 926 2625 indignatione
949 2550 1139 2610 accensus,
1160 2551 1253 2624 prae-

187 2638 280 2713 toria
295 2662 386 2709 nave
400 2638 439 2709 in
455 2636 577 2709 hostes
592 2635 718 2709 tendit.
737 2636 914 2708 Adversus
928 2660 1037 2733 quam
1051 2637 1177 2708 eadem
1192 2661 1254 2733 spe

187 2748 289 2832 dua,
319 2773 399 2846 quae
427 2749 596 2847 punicam
627 2772 751 2818 unam.
767 2772 892 2819 navem
921 2749 1253 2832 circumvenerant,

187 2884 303 2956 quum
318 2857 556 2945 inferrentur,
571 2858 759 2930 demittere
769 2859 808 2927 in
820 2882 951 2955 aquam
963 2880 1083 2928 remos
1097 2855 1142 2926 ab
1158 2870 1255 2927 utro

187 2993 261 3067 que
282 2969 391 3040 latere
415 2970 568 3067 remiges
591 2966 812 3046 stabiliendae
836 2968 935 3040 navis
956 2990 1061 3038 causa
1075 2966 1198 3061 jussit,
1217 2982 1254 3037 et

187 3171 235 3220 que
248 3170 280 3202 ex
292 3155 383 3215 tribue,
397 3156 486 3220 quibus
499 3155 574 3221 vulgo
580 3156 680 3203 Veteres
691 3190 698 3213 ,
741 3156 786 3204 MS
796 3156 856 3202 Iov.
867 3154 898 3212 5,
912 3166 937 3203 et
947 3153 1003 3202 edd.
1017 3164 1072 3201 ente
1086 3152 1144 3200 ald.
1153 3168 1252 3209 ornares,

187 3233 268 3283 Greci
281 3245 362 3294 certe,
373 3235 411 3283 uei
424 3237 473 3283 siut
483 3233 493 3299 (
503 3234 553 3283 vid.
565 3234 661 3284 Pollux.
672 3237 696 3291 1,
741 3234 810 3298 quod
825 3235 902 3282 multo
919 3233 1020 3282 melius:
1036 3249 1091 3280 nam
1107 3232 1189 3281 noluit
1206 3235 1254 3281 lio·

188 3313 352 3378 91311ayc1e
365 3325 390 3362 et
402 3313 470 3363 Suid.
479 3313 490 3380 )
500 3347 508 3373 ,
520 3325 558 3371 et,
572 3330 605 3363 ex
617 3312 698 3360 navali
741 3329 868 3361 manorum
879 3313 1010 3376 imperator
1021 3312 1133 3376 pralium
1143 3311 1254 3359 commit-

186 3409 268 3458 pugna
278 3393 302 3441 ai
309 3393 364 3458 fuga
373 3396 499 3459 proripere
510 3410 536 3443 ee
546 3395 614 3441 navis
624 3392 697 3450 velit,
741 3405 792 3442 tere
804 3403 861 3441 ante
879 3408 952 3457 quam
962 3408 1063 3450 omnes,
1078 3391 1150 3438 etiam
1163 3390 1255 3439 ultimae

186 3472 301 3522 dolonem
320 3474 397 3539 erigi,
410 3491 485 3538 quum
499 3472 568 3538 quod
585 3472 610 3520 id
625 3471 697 3520 citius
741 3488 826 3529 naves,
843 3472 868 3518 in
882 3481 1017 3535 conspectu
1031 3480 1127 3528 eeeent;
1139 3470 1193 3518 Iac.
1210 3470 1255 3516 Pe·

186 3549 238 3600 fleri
257 3553 349 3617 possit,
365 3565 417 3601 tum
427 3571 473 3613 ne,
486 3551 572 3613 majori
585 3550 642 3600 velo
654 3567 694 3598 ex·
741 3551 899 3598 rin-Duce
911 3549 1010 3614 punicae
1026 3564 1099 3597 naves
1104 3583 1112 3605 ,
1127 3559 1174 3597 etc.
1187 3547 1255 3595 conl.

186 3647 279 3696 penso,
289 3632 362 3680 nimie
371 3642 396 3680 et
405 3633 535 3697 conspicua
543 3631 576 3679 eit
586 3630 696 3679 hostibus
740 3629 848 3694 Appiae.
865 3631 920 3692 Syr.
937 3643 984 3686 aa,
1007 3629 1049 3692 qui
1071 3638 1199 3692 utrumque
1219 3641 1256 3674 ce·

187 3710 302 3759 omnibus
311 3712 381 3777 fuga,
392 3723 418 3760 et
426 3711 522 3776 turpior
533 3708 607 3759 simul
616 3709 697 3757 videa·
740 3721 807 3773 ptem
821 3708 905 3756 trudit.

188 3799 237 3839 tur.
256 3791 313 3839 Tria
333 3792 475 3840 Graeeorum
488 3790 541 3838 vela
555 3801 639 3848 erant,
656 3783 699 3839 δυ’·
778 3796 802 3844 t.
816 3789 854 3835 Aa
872 3799 975 3852 utroque
991 3788 1067 3837 latere
1085 3803 1163 3834 remos
1176 3786 1256 3834 deter-

185 3875 252 3931 λων,
269 3870 397 3918 minimum
415 3869 442 3916 in
455 3884 540 3933 prora,
566 3863 698 3938 ἰπίδρομος
740 3879 818 3934 guam·
830 3865 887 3914 vIde
896 3866 928 3914 ad
936 3868 1064 3926 XXVIII,
1077 3867 1124 3925 ³0,
1134 3882 1159 3915 n.
1170 3881 1195 3925 7.

186 3951 299 4011 majuein
311 3949 403 4014 puppi,
418 3959 442 3997 et
454 3946 554 3999 ἀκάτιον
566 3949 697 3996 maximum
777 3947 803 3994 5.
817 3947 887 4003 Una,
903 3961 958 4008 qua·
974 3944 1085 4008 compari
1100 3955 1179 3991 marte
1196 3960 1255 3991 eorr-

186 4029 212 4076 in
226 4028 305 4076 media
324 4044 394 4077 nure.
408 4028 524 4075 -Coni
540 4026 650 4076 scheller
667 4027 698 4076 de
742 4036 865 4083 currerat,
879 4024 905 4072 b.
919 4040 941 4071 e.
958 4040 1014 4071 cum
1027 4040 1075 4071 unu
1088 4040 1149 4071 neve
1160 4022 1254 4075 hostili.

187 4107 326 4155 Militum.
340 4108 382 4167 11,
395 4108 426 4163 5,
440 4113 497 4161 rto.
510 4107 557 4153 En.
569 4107 696 4163 -Jmsis,
745 4107 800 4152 Una
812 4119 868 4151 eura
875 4102 935 4166 pari
952 4102 1022 4149 multi
1036 4103 1114 4159 Mss;
1127 4118 1178 4148 una
1192 4117 1256 4149 corrr-

187 4185 231 4250 qai
246 4185 422 4249 sequebantur,
437 4185 462 4232 h.
480 4201 504 4232 e.
522 4184 644 4248 prateriis
657 4201 697 4233 na-
739 4181 800 4247 pari
818 4185 878 4230 ιον.
891 4196 923 4239 u;
940 4196 991 4227 una
1007 4196 1063 4244 qure
1072 4178 1134 4243 pari
1147 4181 1208 4228 lov.
1224 4180 1254 4238 5,

187 4263 268 4323 vium,
288 4263 331 4327 qui
345 4262 456 4311 nondum
474 4274 632 4312 ecoeement.
653 4265 696 4312 Eo.
741 4274 767 4310 et
776 4258 925 4327 primaeedd.
936 4275 1001 4316 urea,
1010 4258 1255 4323 qrammi—Sed

223 4361 248 4394 a.
261 4345 379 4391 limnas
396 4357 483 4408 agmen
503 4343 620 4408 rogabam·
643 4342 698 4391 vide
743 4353 820 4389 marte
835 4350 989 4386 concurreret
1005 4338 1070 4398 conj.
1085 4336 1161 4386 Dral.
1173 4337 1254 4388 roais

187 4423 219 4473 ad
232 4425 346 4481 XXXII,
359 4438 374 4469 a
385 4440 427 4481 ,n.
439 4430 463 4479 4.
743 4433 768 4469 et
788 4435 839 4466 una
856 4417 967 4481 compari
984 4429 1063 4465 marte
1079 4427 1252 4470 concurrerat,

223 4505 247 4553 3.
261 4505 318 4551 Iam
330 4501 437 4549 omnibus
450 4500 474 4549 ia
486 4513 614 4565 compacta
628 4513 699 4548 erant
743 4512 778 4557 et,
789 4509 940 4562 postquam,
952 4507 1000 4547 etc.
