2722 5040
54 39 1308 379 Ε

166 739 291 852 tta:
352 759 445 826 ma.
474 758 550 824 xu.
579 688 987 824 CAP.ixvlll.x1x.
1130 754 1194 837 461

141 881 322 952 Tarentini
338 876 614 973 Brundisinique
633 872 868 957 nuntiabant,
887 875 1085 946 maritimos
1099 897 1202 973 agros

141 990 289 1063 infestos
297 989 612 1060 transmarinarum
621 986 765 1056 navium
775 984 966 1054 latrociniis
974 984 1201 1057 esse.Eadem

141 1101 377 1173 Massilienses
394 1098 440 1170 de
458 1099 631 1195 Ligurum
651 1095 804 1170 navibus
821 1095 1075 1191 querebantur.
1095 1101 1204 1169 Exer-
1284 1134 1287 1139 ’

141 1215 231 1285 citus
244 1212 330 1282 iude
343 1210 495 1281 decreti:
508 1222 665 1305 quatuor
679 1207 837 1303 legiones
851 1206 1060 1278 consulibus
1070 1206 1203 1304 (quina

141 1323 248 1394 millia
268 1321 430 1393 ducenos
454 1343 626 1390 romanos
648 1318 787 1415 pedites
799 1327 828 1400 ²,
845 1330 1009 1388 trecenos
1027 1315 1203 1388 haberent

142 1434 325 1530 equites),
346 1446 382 1503 et
400 1429 607 1528 quindecim
627 1427 736 1498 millia
752 1429 888 1497 socium
908 1451 948 1496 ac
965 1426 1066 1496 latini
1085 1429 1203 1496 nomi-

142 1545 214 1625 nis,
235 1543 436 1638 octingenti
458 1542 608 1638 equites.
633 1542 677 1609 ln
699 1539 879 1636 Hispaniis
894 1552 1128 1637 prorogatum
1142 1563 1205 1610 ve-

143 1652 281 1725 teribus
306 1650 518 1750 praetoribus
549 1651 742 1746 imperium
772 1663 824 1719 est
856 1673 939 1719 cum
968 1648 1207 1737 exercitibus,

142 1787 234 1859 quos
250 1760 447 1847 haberent,
464 1775 499 1832 et
519 1761 556 1830 in
577 1757 869 1857 supplementum
887 1757 1030 1830 decreta
1048 1761 1114 1830 tria
1132 1761 1207 1830 mil.

141 1869 186 1941 lia
212 1870 345 1942 civium
368 1894 624 1955 romanorum,
648 1868 794 1940 ducenti
821 1869 981 1964 equites,
1008 1884 1045 1940 et
1066 1872 1205 1941 socium

144 1981 245 2053 latini
271 1981 427 2051 nominis
453 2005 514 2052 sex
539 1972 650 2050 millia
672 1979 855 2076 peditum,
882 1980 1034 2049 trecenti
1052 1981 1204 2076 equites.

143 2095 216 2162 Nec
231 2092 286 2161 rei
304 2090 437 2160 navalis
456 2115 541 2161 cura
558 2091 698 2160 omissa.
719 2084 959 2159 Duumvir0s³
977 2089 1015 2156 in
1032 2112 1110 2158 eam
1126 2112 1202 2159 rem

143 2199 307 2271 consules
323 2224 444 2271 creare
461 2203 568 2295 jussi,
589 2223 655 2297 per
669 2224 762 2296 quos
779 2221 887 2268 naves
901 2197 1026 2295 viginti
1044 2196 1207 2268 deducta

143 2309 329 2382 navalibus
345 2311 448 2381 sociis
467 2309 606 2381 civibus
626 2311 803 2396 romanis,
822 2308 885 2405 qui
904 2310 1113 2379 servitutem
1132 2332 1204 2378 ser·

143 2423 297 2507 vissent,
317 2421 609 2517 complerentur3
635 2421 783 2517 ingenui
800 2433 940 2494 tantum
959 2431 999 2487 ut
1017 2418 1059 2486 iis
1078 2441 1206 2514 praees-

144 2547 233 2605 sent.
255 2537 355 2603 Inter
369 2530 578 2601 duumviros
596 2533 646 2601 ita
663 2531 774 2601 divisa
793 2529 926 2601 tuenda
940 2527 1041 2599 denis
1054 2526 1206 2598 navibus

144 2640 320 2709 maritima
338 2663 421 2725 ora,
442 2654 483 2711 ut
506 2643 796 2738 promontorium
817 2642 859 2711 iis
882 2641 1088 2723 Minervael,
1108 2638 1207 2710 velut

144 2748 273 2836 cardo,
296 2751 334 2819 in
360 2750 480 2821 medio
500 2766 617 2828 esset:
641 2752 731 2823 alter
751 2753 788 2822 in
808 2751 969 2824 dextram
988 2764 1127 2848 partem
1148 2774 1207 2822 us·

144 2885 216 2956 que
234 2860 279 2932 ad
296 2861 506 2949 Massiliam,
525 2862 646 2932 laevam
665 2861 754 2934 alter
772 2888 888 2961 usque
905 2861 951 2933 ad
967 2863 1109 2932 Barium
1127 2875 1205 2931 tue·

144 2987 253 3043 retur.

194 3087 285 3154 XIX.
303 3081 469 3180 Prodigia
482 3084 618 3155 multa¹
636 3082 732 3155 foeda
751 3098 787 3155 et
805 3088 926 3154 Romae
942 3107 986 3152 e0
1000 3104 1098 3151 anno
1113 3081 1206 3161 visa,

146 3206 181 3261 et
199 3193 361 3263 nuntiata
382 3217 543 3292 peregre.
574 3200 616 3264 In
644 3219 724 3266 area
741 3194 917 3264 Vulcani²
940 3203 976 3264 et
997 3188 1207 3261 Concordia.
1242 3255 1245 3261 .

146 3410 199 3443 nun
219 3410 357 3458 cognomen
375 3397 488 3444 Lentidm
504 3398 585 3446 minus
609 3399 656 3446 fre·
735 3404 759 3451 t.
782 3393 979 3443 Promontorium
996 3392 1110 3440 Miner-ve
1126 3393 1205 3439 termi-

146 3475 230 3537 queuti
240 3473 398 3522 substitutum
408 3491 473 3532 esse3
483 3475 558 3524 Drak.
699 3491 746 3524 nus
757 3476 895 3539 campanie
907 3475 934 3520 tn
943 3488 986 3521 ora
996 3470 1111 3519 adversus
1122 3469 1207 3518 Picen-

181 3554 343 3600 a.1lomanos
353 3555 447 3616 pedites
451 3573 462 3611 ,·
471 3556 540 3619 prior
551 3570 602 3602 vox
615 3572 656 3603 au·
700 3547 778 3612 tinias,
788 3554 849 3602 hod.
865 3553 932 3616 Capo
946 3551 1012 3599 della
1023 3549 1133 3596 Minerva
1141 3547 1207 3614 (sive

146 3648 283 3696 pensem
306 3632 350 3680 sed
373 3635 462 3698 passim
483 3635 579 3699 eddim
606 3634 655 3683 vid.
702 3633 869 3697 Camponella.
878 3632 938 3698 En.)
951 3633 989 3678 De
997 3645 1027 3677 eo
1036 3626 1143 3676 etBario
1153 3626 1209 3691 (bo

147 3710 269 3759 anenb.
281 3711 314 3759 ed
327 3728 383 3776 erp.
397 3713 512 3761 ali-Ee
521 3712 658 3775 quindecim
701 3713 741 3761 dle
757 3725 824 3760 terro
838 3712 866 3759 di
880 3710 948 3759 Bari.
962 3708 1037 3772 En),
1049 3706 1100 3756 vid.
1111 3707 1208 3758 clover.

147 3789 239 3845 midila,
251 3800 297 3838 etc.
307 3790 370 3839 sorte
381 3802 406 3839 et
417 3791 493 3854 quina
502 3792 567 3839 dena
579 3791 658 3839 millio
700 3792 754 3840 Ital.
767 3794 825 3839 Ant.
839 3791 885 3847 IV,
901 3791 915 3837 3
931 3801 955 3837 et
969 3805 1015 3846 11,
1028 3803 1084 3852 pag.
1100 3788 1164 3835 1162
1184 3804 1208 3841 et

152 3885 172 3916 s,
183 3884 215 3915 oe
230 3869 247 3916 l.
259 3885 300 3925 ra,
323 3870 445 3934 octingem'
462 3870 569 3935 equitesr
582 3870 656 3919 Diali.
704 3887 780 3921 raro.
798 3873 861 3919 Mox
873 3871 901 3921 τὸ
913 3870 938 3918 in
951 3880 1007 3917 ente
1021 3867 1135 3915 weram
1145 3883 1206 3931 par·

147 3947 657 4013 quitamenvulgatumquoqirelocis‚ue
701 3963 748 3998 tem
759 3949 890 3998 delendum
908 3959 1007 3996 auctore
1025 3949 1121 4007 Grou.‚
1136 3962 1168 3993 an
1181 3958 1208 3992 ret

146 4029 205 4082 xt,
224 4042 235 4073 1
246 4026 293 4084 ,'n.
311 4027 326 4074 5
342 4027 462 4085 laudetis,
479 4027 569 4077 firmari
586 4046 657 4093 posse
701 4029 869 4093 reponendum
879 4044 926 4093 pro
935 4027 982 4089 ι’ῃθ

147 4116 238 4153 mouet.
249 4105 316 4153 Idem
326 4105 480 4169 parenthesin
491 4107 516 4155 b.
527 4108 544 4155 l.
556 4108 656 4169 adjecit,
735 4109 795 4156 Cir.
809 4110 879 4155 xnt.
893 4123 916 4154 1.
928 4104 1047 4170 Prodigia
1059 4103 1148 4160 multo,
1159 4110 1208 4150 ete.

147 4193 172 4231 et
181 4183 315 4248 octingenti
322 4185 433 4248 reposuit
442 4202 488 4250 pro
497 4187 655 4252 octingentos.
699 4186 755 4235 vide
765 4187 795 4234 ad
805 4189 830 4244 1,
840 4185 870 4236 31
878 4222 886 4246 ,
894 4203 920 4235 u.
933 4203 955 4234 1.

184 4263 208 4312 3.
220 4264 364 4311 Duumviros
375 4265 478 4314 navales.
492 4267 564 4315 Conl.
580 4283 602 4314 e.
613 4270 656 4316 26.
736 4283 761 4314 a.
776 4269 806 4313 In
824 4282 884 4313 area
897 4263 1000 4313 Vulcani
1012 4274 1036 4309 et
1050 4259 1207 4309 Concordiae:

148 4341 266 4389 -Naves
274 4344 328 4389 XX
334 4341 445 4390 dedoctoe
452 4345 578 4392 navalibus
586 4345 657 4395 sociis
701 4361 795 4410 «quam
810 4362 861 4395 non
882 4345 1016 4409 duplicem,
1038 4341 1082 4389 “d
1098 4336 1208 4386 “mm

148 4420 237 4468 civibus
250 4437 325 4479 rom„
340 4432 389 4470 etc.
407 4422 463 4471 vide
473 4424 504 4472 ad
519 4426 591 4482 vm,
609 4425 656 4481 26,
702 4426 775 4473 fuine
785 4424 871 4482 eredo,
885 4425 941 4488 quir
951 4421 1015 4471 redes
1025 4414 1169 4467 Concordia
1181 4415 1207 4462 Iu

147 4516 172 4546 u.
187 4501 403 4562 r‚etIX,38‚n.
419 4514 441 4549 ι.
701 4520 755 4553 eree
776 4503 879 4551 Vulcani
898 4512 963 4559 ent3
978 4500 1033 4550 alde
1048 4494 1147 4551 stix,
1165 4493 1208 4547 66.
