2722 5040
10 35 1292 399 n

129 796 255 900 aaa:
339 822 435 895 Lm.
463 825 643 891 xxxvi.
673 824 778 891 cir.
805 824 852 890 u.
880 825 950 893 ur.
1157 851 1176 921 7

107 941 224 1039 primo
246 964 398 1038 quoque
419 956 584 1039 tempore
600 942 741 1036 jussus,
761 956 796 1013 et
810 941 856 1013 ab
869 944 977 1014 Atilio
998 971 1105 1019 naves
1122 974 1178 1019 ac-

107 1054 240 1150 cipere.
254 1056 407 1122 Veteres
423 1076 550 1140 naves,
572 1077 652 1148 quae
671 1051 913 1127 innavalihus
932 1071 1052 1142 eraut,
1073 1072 1114 1127 ut
1128 1083 1181 1128 re·

108 1162 235 1234 liceret
249 1177 287 1234 et
303 1177 483 1249 armaret,
497 1166 546 1232 Μ.
564 1164 673 1234 Iunio
689 1163 833 1260 praetori
851 1165 1037 1259 negotium
1055 1163 1180 1237 ilatum

110 1287 185 1359 est,
207 1275 300 1344 etin
322 1297 401 1344 eam
420 1273 567 1345 classem
589 1273 706 1344 socios
728 1272 869 1343 navales
891 1271 1105 1347 libertinos8
1128 1277 1179 1349 lc·

110 1398 225 1481 geret.

160 1499 223 1564 III.
243 1495 366 1591 Legati
394 1496 489 1566 terni
512 1495 549 1563 in
569 1493 724 1565 Africam
748 1492 792 1563 ad
818 1494 1129 1593 Carthaginienses
1147 1512 1184 1569 et

113 1606 150 1674 in
165 1604 372 1676 Numidiam
390 1603 434 1676 ad
450 1603 673 1675 frumentum
690 1603 909 1701 rogandum,
925 1607 1026 1703 quod
1040 1609 1077 1677 in
1092 1598 1184 1679 Gra·-

112 1715 205 1784 ciam
219 1728 448 1812 portaretur,
465 1716 585 1799 missi;
608 1740 675 1813 pro
690 1739 765 1812 quo
779 1718 937 1812 pretium
955 1718 1111 1788 solveret
1123 1744 1185 1816 po·

114 1825 222 1920 pulus
235 1849 420 1895 romanus.
431 1826 605 1922 Adeoque
617 1827 655 1895 in
668 1839 879 1924 apparatum
893 1852 1092 1926 curamque
1107 1829 1185 1923 ejus

113 1935 200 2006 belli
214 1937 336 2006 civitas
350 1936 492 2007 intenta
506 1935 595 2022 luit,
615 1951 657 2007 ut
669 1942 706 2008 Ρ.
724 1937 914 2010 Cornelius
928 1939 1056 2012 consul
1071 1938 1184 2013 edice·

114 2060 187 2134 ret,
209 2049 283 2137 Qui
302 2043 487 2117 senatores
509 2063 645 2131 esseut,
665 2046 868 2143 quibusque
892 2054 929 2117 in
949 2064 1078 2119 senatu
1101 2074 1185 2119 sen-

112 2162 263 2226 tentiam
286 2156 404 2227 dicere
428 2155 583 2241 liceret¹,
610 2162 746 2254 quique
772 2161 928 2227 minores
954 2163 1185 2253 magistratus

113 2282 247 2351 esseut,
270 2291 316 2336 ne
330 2272 413 2364 quis
433 2292 558 2336 eorum
578 2265 719 2362 longius
736 2265 785 2335 ab
804 2265 894 2336 urhe
910 2271 1028 2336 Roma
1046 2265 1185 2346 abiret,

113 2401 227 2472 quam
247 2375 347 2446 unde
372 2400 415 2446 eo
442 2376 502 2446 die
523 2375 640 2447 redire
654 2391 783 2474 posset
789 2405 802 2462 ,·
821 2401 908 2446 neve
929 2400 1002 2445 uno
1026 2391 1185 2473 tempore

113 2493 275 2583 quiaque
295 2502 479 2557 senatores
499 2486 548 2557 ab
574 2485 664 2556 urbe
688 2492 806 2558 Roma
828 2486 1003 2557 abessent.
1025 2490 1067 2556 In
1090 2510 1186 2556 corn·

115 2595 278 2691 parando
298 2596 451 2695 impigre
474 2596 622 2667 classem
648 2601 686 2669 C.
712 2598 854 2667 Livium
876 2611 1067 2694 praetorem
1096 2621 1187 2667 cou-

115 2708 249 2791 tentio,
271 2721 351 2776 orta
369 2732 452 2778 cum
474 2707 612 2777 colonis
630 2708 835 2790 maritimis,
856 2707 1041 2805 paulisper
1055 2706 1184 2776 tenuit.

114 2821 227 2899 Nam,
246 2842 362 2914 quum
388 2831 605 2915 cogerentur
627 2819 664 2887 in
688 2818 856 2899 classem,
878 2815 1045 2887 tribunos
1065 2814 1185 2913 plebei

115 2927 368 3025 appellarunt:
390 2927 496 2998 abiis
516 2928 560 2998 ad
583 2942 750 2999 senatum
768 2928 893 3022 rejecti
913 2942 1009 2998 sunt.
1032 2931 1186 2998 Senatus

116 3040 186 3126 ita,
203 3053 244 3109 ut
263 3038 307 3109 ad
325 3063 441 3109 unum
459 3062 586 3109 omnes
604 3038 872 3121 consentirent,
891 3037 1069 3123 decrevit,
1086 3060 1186 3107 vaca·

116 3148 253 3218 tionem
271 3150 325 3218 rei
343 3147 478 3218 navalis
488 3146 544 3217 his
555 3147 694 3218 colonis
715 3171 790 3217 non
807 3157 919 3218 esse².
938 3148 1039 3217 Ostia
1055 3160 1092 3217 et
1105 3152 1185 3217 Fre-

115 3283 216 3351 geuae
235 3273 270 3329 et
288 3261 455 3328 Castrum
476 3282 612 3327 novum
636 3271 673 3327 et
693 3257 796 3353 Pyrgi
821 3271 856 3326 et
878 3257 1025 3326 Antium
1043 3269 1080 3325 et
1100 3261 1187 3325 'I'ar-

115 3371 238 3439 racina
257 3383 294 3441 et
318 3370 511 3440 Minturnae
539 3384 575 3440 et
604 3369 773 3440 Sinuessa
801 3366 972 3446 luerunt,
997 3391 1077 3462 quac
1103 3390 1192 3435 cum.

115 3495 268 3576 praetore
303 3479 350 3550 (le
382 3481 568 3550 vacatione
604 3492 843 3549 certaverunt.
880 3474 1017 3546 Consul
1054 3472 1186 3544 ‹leimle

116 3590 174 3660 Μ’.
193 3590 326 3661 Acilius
345 3615 390 3660 ex
405 3591 721 3660 senatusconsulto
739 3585 783 3655 ad
803 3584 994 3680 collegium
1013 3579 1193 3653 fetialium⁴

114 3700 264 3771 retulit:
288 3707 413 3798 Ipsiue
432 3707 555 3796 utiquc
574 3706 652 3795 regi
670 3696 853 3768 Aritroclzo
880 3695 1095 3765 indiceretur
1112 3693 1188 3764 bel·

112 3923 187 3968 lntur
200 3920 263 3969 ultra
283 3919 405 3975 debitum,
424 3921 476 3984 rapi
496 3931 518 3967 et
539 3919 628 3966 auferri
673 3916 918 3970 abesscut;conl.rtl
928 3917 1021 3973 XLIII,
1035 3932 1114 3971 11,rr.
1126 3920 1187 3966 3.-

112 4012 251 4065 putarctur.
266 4000 313 4047 Eu.
327 4024 362 4034 —-
375 4000 437 4046 Mox
457 4016 503 4062 pro
519 3998 547 4045 id
565 3999 628 4046 lorte
674 3972 704 4042 tl
714 3995 881 4058 comparanda
896 3994 997 4059 impigre
1006 3994 1106 4042 classem
1115 3997 1186 4043 MSS.

112 4083 160 4143 leg.
170 4091 207 4135 et,
217 4079 256 4126 vel
267 4089 291 4125 et
304 4077 338 4124 id.
674 4079 704 4122 Ia
714 4074 883 4138 conrpararrda
895 4073 911 4120 i.
922 4074 999 4120 classe
1007 4072 1119 4135 quaedrm
1131 4074 1187 4123 edd.

149 4162 174 4207 8.
191 4158 276 4205 Socios
295 4157 394 4203 navales
413 4156 554 4210 libertinam
573 4156 629 4203 ride
674 4154 747 4203 Conl.
758 4153 789 4201 nd
802 4155 910 4207 XXXV,
923 4152 968 4207 45,
980 4169 1005 4198 n.
1017 4168 1043 4199 2.

110 4240 142 4287 ad
158 4240 214 4297 IX,
225 4238 274 4291 38,
284 4253 309 4283 n.
324 4251 345 4282 1.
711 4250 735 4279 α.
752 4233 912 4279 l'ucatiouem
923 4230 960 4276 rei
969 4231 1064 4279 reovalis
1074 4231 1111 4279 lais
1124 4233 1189 4279 cola·

147 4319 211 4365 Car.
224 4318 270 4364 III.
285 4330 306 4363 1.
316 4313 391 4376 Quis.
404 4324 488 4368 esseut,
499 4311 630 4377 quibusque
675 4313 712 4359 uis
722 4329 770 4358 uon
780 4327 844 4366 esse‚·
852 4309 907 4358 ride
917 4308 948 4357 nd
960 4311 1072 4369 xxvtt,
1082 4312 1126 4370 38,
1137 4329 1161 4357 n.
1173 4328 1187 4357 a

109 4401 137 4446 iu
154 4408 243 4444 senatu
264 4392 410 4442 sententiam
432 4393 512 4439 dicere
529 4391 630 4447 licet-eu
675 4404 698 4441 et
712 4394 735 4439 3.
750 4417 785 4428 *-
799 4390 842 4437 ‚td
852 4389 978 4456 collegium
983 4386 1111 4451 fetialium
1125 4402 1190 4436 retu·

112 4478 169 4523 virle
180 4475 214 4523 ad
228 4475 306 4521 xxtt
317 4505 323 4523 ,
336 4480 383 4534 tp,
397 4490 422 4519 u.
440 4474 521 4518 13.-
532 4471 629 4534 aequis
677 4472 716 4525 lit,
731 4481 777 4518 etc.
791 4468 846 4516 vide
865 4468 896 4515 rd
913 4472 940 4527 t,
958 4478 1004 4527 at,
1018 4468 1068 4516 rui
1077 4503 1084 4523 ,
1100 4480 1124 4515 ct
1137 4470 1188 4525 tx,

109 4571 197 4603 eorum
209 4551 309 4617 longius
322 4552 354 4598 ab
367 4552 423 4598 iube
436 4553 512 4597 mima
527 4551 630 4598 abiret...
678 4569 704 4611 p,
719 4567 743 4596 n.
757 4565 779 4595 2.
