2722 5040
166 855 291 968 ῧῑέῑὶξζῑ
339 876 433 944 Lm.
457 871 636 944 xxrux.
665 878 769 945 car.
796 879 900 946 nni.
926 880 1022 947 niv.
1130 882 1199 975 4¹7

141 997 284 1071 familiis
297 1010 510 1093 receperant
523 1020 619 1082 sese,
637 998 750 1095 cepit,
765 1014 1055 1096 campestresque
1072 1000 1203 1072 Barba-

141 1132 221 1194 ros,
233 1106 477 1206 depopulatus
491 1130 595 1204 agros
608 1131 751 1197 eorum,
766 1109 804 1178 in
818 1107 1039 1180 deditionem
1054 1115 1201 1208 aceepit.

141 1217 282 1289 Relicto
306 1217 391 1288 inde
415 1215 459 1287 ad
483 1217 751 1317 Philippopolin
775 1216 960 1316 praesidio,
982 1219 1081 1315 quod
1107 1220 1205 1292 haud

142 1327 259 1398 multo
285 1342 368 1425 post
394 1325 440 1397 ab
468 1328 615 1425 Odrysis
647 1329 843 1427 expulsum>
864 1344 940 1418 est,
965 1332 1139 1429 oppidum
1167 1335 1206 1404 iu

142 1438 330 1534 Deuriopo
339 1437 495 1509 condere
507 1436 693 1509 instituit⁶.
708 1442 855 1511 Paeoniae
867 1466 907 1512 ea
919 1442 1019 1538 regio
1030 1458 1084 1514 est
1091 1467 1205 1543 prope

143 1549 340 1644 Erigonum
348 1547 607 1645 fluvium,qui,
617 1574 660 1620 ex
669 1549 811 1644 Illyrico
821 1574 886 1648 per
894 1553 1070 1622 Paeoniam
1078 1552 1206 1641 fluens,

143 1659 182 1729 in
199 1658 331 1729 Axium
351 1680 493 1727 amnem
516 1657 645 1728 editur.
667 1657 771 1728 Haud
784 1658 912 1754 procul
928 1659 1068 1748 Stobis,
1087 1676 1207 1733 vetere

145 1764 254 1850 urbe,
273 1789 402 1836 novam
417 1764 547 1836 urbem
562 1765 744 1852 Perseida,
763 1779 805 1835 ut
823 1767 853 1835 is
869 1764 943 1838 filio
962 1770 1089 1862 majori
1105 1771 1209 1843 habe

145 1890 246 1948 retur
260 1876 397 1963 honos,
416 1875 586 1972 appellari
602 1875 716 1969 jussit.

193 1989 285 2058 LIV.
300 1988 395 2056 Dum
411 1984 486 2055 haec
499 1985 536 2054 in
551 1982 763 2055 Macedonia
778 1998 972 2081 geruntur,
990 1988 1155 2060 consules
1172 1991 1210 2059 in

146 2097 349 2196 provincias
368 2092 533 2193 proiecti.
563 2093 753 2166 Marcellus
777 2096 947 2164 nuntium
972 2099 1141 2194 praemisit
1165 2098 1211 2168 ad

147 2211 187 2278 L.
204 2207 371 2277 Porcium
386 2204 661 2303 proconsulem,
676 2218 718 2274 ut
732 2203 776 2274 ad
792 2228 928 2275 novum
942 2204 1128 2275 Gallorum
1143 2231 1212 2304 op·

148 2316 295 2415 pidum¹
315 2314 474 2412 legiones
491 2312 710 2385 admoveret.
731 2311 945 2383 Advenienti
964 2314 1105 2384 consuli
1119 2315 1215 2385 Galli

148 2452 226 2499 sese
244 2424 484 2497 dediderunt:
511 2422 701 2495 duodecim
721 2423 832 2495 millia
853 2437 1071 2494 armatorum
1090 2440 1212 2511 erant3

149 2536 315 2635 plerique
336 2560 434 2605 arma
453 2559 499 2605 ex
518 2534 610 2631 agris
629 2549 732 2632 rapta
752 2532 945 2605 habebant.
968 2539 1017 2604 Ea
1041 2556 1131 2632 aegre
1150 2558 1212 2632 pa·

150 2643 323 2717 tientibus
347 2645 390 2715 iis
415 2642 605 2740 adempta,
635 2667 788 2738 quaeque
815 2643 882 2713 alia
908 2658 970 2714 aut
995 2645 1213 2743 populantes

150 2778 255 2851 agros
274 2767 487 2852 rapuerant,
507 2766 569 2822 aut
589 2777 710 2823 secum
733 2753 946 2825 attulerant:
962 2754 1007 2825 de
1028 2755 1083 2825 his
1102 2756 1213 2828 rebus

151 2866 215 2962 qui
227 2877 484 2961 quererentur,
498 2863 634 2960 legatos
647 2868 798 2934 Romam
810 2864 995 2935 miserunt.
1010 2865 1214 2937 Introducti

151 2974 189 3043 in
209 2987 373 3044 senatum
397 2997 415 3043 a
443 2977 482 3042 C.
501 2971 645 3042 Valerio
662 2983 841 3069 praetore²
863 2989 1127 3071 exposuerunt,
1148 2980 1212 3057 Se,

151 3100 343 3181 superante
368 3087 403 3152 iu
431 3081 552 3153 Gallia
569 3083 814 3168 multitudine,
835 3089 958 3180 inopia
976 3100 1117 3154 coaetos
1135 3092 1218 3179 agri

153 3209 188 3262 et
203 3208 375 3289 egestate,
390 3191 444 3262 ad
456 3192 691 3289 quaerendam
705 3192 827 3262 sedem
840 3194 953 3290 Alpes
968 3210 1212 3289 transgressos.

155 3304 248 3392 (iuoe
265 3302 398 3371 inculta
409 3324 483 3396 per
504 3299 712 3370 solitudines
735 3301 917 3386 viderent,
941 3303 994 3372 ibi
1009 3309 1086 3373 sine
1108 3302 1174 3373 ulli

155 3573 390 3625 letaeetDeuselutoe
401 3574 523 3622 dicuntur.
536 3572 662 3623 canni.
707 3573 784 3621 rizon.
811 3572 843 3618 ita
867 3571 1015 3635 distinguere
1032 3570 1057 3619 h.
1075 3573 1093 3620 l.
1112 3571 1216 3620 malebat

155 3680 191 3691 -
207 3653 387 3718 Philippopolin
402 3653 501 3709 urbem
520 3652 575 3699 vide
591 3667 664 3715 snpra
707 3652 788 3700 editur
797 3650 867 3698 ltaud
871 3651 961 3714 procul
968 3651 1046 3698 Stobis
1057 3662 1138 3697 rietere
1150 3651 1215 3699 urbe.

155 3731 189 3779 ad
199 3733 327 3789 mul,
339 3748 363 3793 7,
374 3749 400 3778 n.
411 3748 436 3793 9.
708 3732 804 3777 Noram
825 3729 920 3785 urbem,
939 3739 1000 3787 etc„
1019 3741 1044 3776 et
1057 3728 1131 3776 nuk.
1150 3731 1218 3793 oppi-

191 3810 218 3860 6.
239 3811 360 3876 Oppidum
382 3811 408 3856 in
434 3808 556 3871 Deuriopo
583 3807 665 3870 (male
711 3809 770 3856 dum
796 3809 821 3855 in
842 3807 966 3871 Deuriopo
989 3808 1093 3855 condere
1117 3808 1222 3856 instituit

155 3889 271 3953 Dertiopo
285 3888 341 3936 edd.
351 3886 423 3949 antt.)
434 3886 537 3934 condere
546 3884 663 3943 instituit,
710 3887 830 3948 (Poeonioe
840 3902 872 3934 ea
883 3886 950 3949 regio
963 3888 1010 3947 est)
1029 3904 1106 3952 prope
1116 3888 1219 3955 Eriffifl.

156 3984 266 4016 reversus
279 3984 310 4015 ex
320 3967 421 4015 'I'lrracia
432 3981 438 4015 :
451 3966 559 4014 Paeouiir
572 3979 666 4029 magun
710 3968 767 4032 (qui
780 3983 812 4013 ex
827 3965 954 4029 Illyrico...
965 3966 1058 4029 editur)
1072 3969 1097 4017 lt.
1106 3986 1134 4033 p.
1146 3972 1171 4018 S.
1189 3988 1218 4018 v.

155 4049 183 4095 in
201 4048 346 4095 Macedonia
360 4063 389 4093 eu
400 4047 467 4111 regio
478 4057 513 4093 err
524 4045 665 4109 propeEri·
711 4062 735 4093 u.
750 4046 858 4099 Novam,
876 4056 923 4092 etc.
942 4061 990 4107 qua
1008 4048 1103 4095 ratione
1116 4048 1218 4096 admissa

153 4142 247 4191 genum
260 4123 665 4189 (videadssXI,39,n.5)Jlu·
710 4122 780 4172 Stobi
804 4124 931 4188 propiores
956 4136 1013 4172 sunt
1037 4129 1123 4188 Axio,
1146 4145 1219 4192 qnam

156 4204 219 4250 vium
228 4237 236 4260 ,
248 4203 306 4267 qui,
321 4221 354 4251 ex
368 4204 464 4265 Illyrico
480 4219 525 4266 per
540 4201 666 4249 Feroniam
711 4201 784 4265 vulgo
801 4201 911 4251 credunt.
931 4203 1006 4252 Cous.
1024 4205 1111 4255 Cellar.
1128 4209 1219 4270 Gcogr.

148 4281 249 4348 fluens,
262 4282 288 4329 iu
301 4283 395 4329 Axium
403 4298 499 4329 amnem
508 4279 601 4336 editum
612 4279 666 4327 vide
712 4291 761 4329 aut.
771 4283 810 4341 11,
824 4281 865 4341 13,
875 4299 901 4346 p.
913 4283 973 4339 66⁴.

156 4358 188 4407 nd
201 4361 355 4416 XXXVIII,
367 4363 396 4407 13
406 4396 414 4421 ,
425 4377 450 4408 n.
461 4360 490 4421 6,
509 4371 533 4407 et
546 4360 578 4406 ol.
589 4357 667 4406 strab.
746 4361 807 4409 Car.
820 4362 882 4409 LIV.
900 4377 921 4409 1.
932 4363 1027 4409 Novum
1036 4363 1164 4411 Gallorum
1175 4381 1219 4426 op·

155 4439 221 4495 VII,
237 4455 260 4500 ς,
272 4438 289 4503 s
303 4443 317 4487 8
332 4451 358 4487 et
376 4456 405 4501 9,
424 4457 450 4504 p.
468 4441 535 4493 326,
553 4438 613 4496 327,
628 4437 668 4483 cui
710 4437 812 4500 pidum,-
826 4438 982 4502 vidcapna
994 4452 1019 4488 et
1031 4443 1072 4497 ⁴5.

157 4517 286 4586 Arupium:
299 4532 325 4568 et
337 4520 470 4587 Διυριόπιιι
485 4532 530 4569 ant
543 4514 668 4584 Διιιρίοπις
748 4532 772 4566 a.
786 4517 924 4564 Introducri
935 4517 960 4564 iu
975 4530 1084 4565 senatum
1096 4536 1114 4564 a
1128 4519 1154 4566 C.
1164 4520 1220 4567 Veri.

158 4598 286 4647 dicuntur.
303 4597 430 4665 Δουρίιπος
447 4596 531 4662 steph.
548 4596 612 4645 Mox
626 4594 670 4645 Pe·
709 4606 834 4675 ppoetorei
846 4594 902 4643 vide
914 4594 946 4642 ad
955 4598 1005 4655 111,
1017 4603 1046 4655 6,
1056 4611 1081 4642 ιι.
1091 4611 1116 4643 2.

288 4684 372 4750 VII.
1033 4702 1077 4771 27
