2722 5040
154 640 219 790 19a
543 690 825 767 excussus.

149 846 240 904 sum,
250 821 310 887 etsi
320 819 369 885 vir
382 841 516 886 summa
532 819 607 886 fidel
620 821 729 886 Rollin
745 835 893 902 testetur,
908 820 991 888 llist.
1008 824 1212 908 Rom.t.Vll,
1279 899 1280 902 Ἴ

148 951 181 1017 p.
200 929 276 1009 262,
293 948 361 991 non
379 949 455 994 eum
478 926 623 1015 potuisse
638 927 747 1016 prelio
765 925 806 992 ad
814 926 1024 1016 ‚Magnesiam
1038 928 1212 1011 interesse,

148 1056 247 1122 quern
264 1032 384 1098 scilicet
402 1029 521 1096 Rhodii
539 1032 571 1094 in
593 1032 783 1122 Pamphylia
794 1032 963 1097 obsessum
976 1032 1150 1116 tenebant,
1163 1051 1213 1100 ta·

148 1163 224 1204 men
233 1138 363 1203 videtur
376 1138 430 1202 hie
446 1153 502 1201 aut
518 1138 689 1203 oblivionis
705 1138 905 1204 accusandus
918 1139 1044 1222 Livius,
1063 1156 1119 1205 aut
1137 1165 1156 1205 a
1172 1142 1213 1206 li·

149 1245 262 1310 brariis
279 1245 342 1309 boc
359 1244 432 1312 loco
455 1259 621 1307 truncatus
646 1267 682 1309 ac
707 1243 916 1310 deformatus.
938 1245 1076 1309 Poenum
1095 1268 1213 1336 nempe

148 1349 320 1414 Cornelius
336 1347 443 1436 Scipio
459 1347 592 1430 Nasica,
611 1349 694 1413 libro
713 1350 878 1437 sequenti,
900 1347 941 1413 ad
958 1346 1056 1414 linem
1073 1372 1143 1439 cap.
1159 1349 1212 1433 58,

63 1474 70 1487 *
148 1461 341 1544 presentem
360 1452 478 1518 vidisse
495 1452 529 1518 id
551 1455 697 1542 praelium
718 1472 896 1521 asseverat:
915 1487 928 1511 ι
940 1478 1007 1520 non
1026 1455 1126 1521 fuisse
1142 1456 1210 1544 (aitl

149 1562 309 1626 minorem
331 1557 377 1646 (in
394 1561 504 1648 praelio
519 1560 560 1626 ad
578 1561 789 1651 Magnesiam)
807 1585 882 1627 eum
900 1563 1093 1645 exercitum,
1114 1585 1212 1651 quam

148 1664 356 1746 Hannibalis,
372 1687 449 1728 cunr
466 1688 532 1752 quo
554 1666 590 1729 in
612 1665 718 1731 Africa
739 1683 822 1732 esset
838 1682 1030 1758 pugnatum.
1049 1668 1214 1732 Hanniba·

147 1773 212 1837 lem
235 1770 389 1836 eumdem
420 1771 517 1837 sanese
533 1771 619 1837 inter
636 1774 757 1838 multos
783 1773 862 1838 alios
882 1773 987 1862 regios
1010 1773 1128 1858 duces,
1156 1773 1213 1861 qui

148 1878 324 1966 imperator
350 1877 466 1941 Punici
485 1876 560 1942 belli
580 1879 712 1944 luent».
737 1878 859 1945 Gellius
876 1901 1008 1967 quoque
1032 1880 1127 1945 Noct
1147 1881 1212 1944 Att.

148 1984 246 2066 lib.V,
262 2007 331 2072 cap.
341 1984 371 2065 5,
388 1982 477 2048 testis
488 2000 537 2049 est
548 2007 615 2049 non
632 1985 673 2049 ab
689 1985 750 2050 hae
765 2009 874 2077 pugna
890 1985 1031 2050 abfuisse
1047 1985 1214 2049 Hanniba·

149 2091 231 2166 lem,
255 2112 352 2177 quem
372 2105 480 2154 narrat
498 2089 586 2178 apud
609 2091 805 2155 Antiochum
831 2091 1020 2179 gloriantem
1041 2089 1083 2154 de
1108 2090 1213 2179 specie

100 2238 103 2245 ,
149 2196 351 2260 ornatissima
373 2218 410 2260 ac
438 2195 687 2282 locupletissima
707 2197 884 2277 exercitus,
911 2196 1101 2261 facetissime
1123 2195 1216 2261 cavil-

149 2301 272 2365 latam:
303 2332 317 2358 e
333 2300 545 2365 Hannibalem
573 2323 630 2365 rex
656 2302 792 2390 aspicit:
822 2317 871 2384 et,
896 2317 1060 2391 putasne,
1087 2302 1212 2390 inquit,

149 2406 289 2470 conferri
315 2427 427 2492 posse,
447 2429 485 2470 ac
508 2408 583 2471 satis
605 2429 674 2472 esse
697 2406 800 2472 credis
818 2409 971 2474 Romanis
994 2408 1063 2473 baec
1081 2407 1212 2475 omnia?

148 2526 218 2575 tum
237 2511 356 2576 Poenus
377 2510 510 2576 eludens
534 2513 693 2602 ignaviam
717 2513 955 2602 imbelliamque
980 2513 1119 2578 militurn
1142 2513 1211 2594 ejus

148 2616 289 2703 pretiose
307 2633 525 2682 armatorum:
548 2620 624 2684 satis
641 2621 753 2708 plane,
775 2620 900 2708 inquit,
924 2620 999 2684 satis
1023 2640 1093 2685 esse
1112 2618 1210 2685 credo

147 2722 301 2785 Romanis
318 2722 386 2785 hoec
403 2724 526 2804 omnia,
544 2724 667 2789 etiamsi
678 2725 851 2790 avarissimi
871 2740 958 2790 sunt.
972 2724 1061 2790 Nihil
1077 2746 1210 2813 prorsus

148 2848 255 2913 neque
276 2841 339 2890 tam
356 2823 479 2914 lepide,
502 2849 609 2915 neque
627 2845 692 2892 tam
713 2829 827 2895 acerbe
847 2828 911 2894 dici
929 2844 1035 2916 potest
1056 2852 1065 2893 ε
1088 2851 1145 2894 rex
1169 2828 1209 2894 de

148 2952 286 2997 numero
300 2931 460 2997 exereitus
477 2932 528 2996 sui
543 2955 580 2998 ac
596 2933 637 2998 de
652 2934 902 3022 aequiparatione
919 2933 1104 3000 mutuanda
1120 2957 1209 3024 qute-

148 3037 263 3119 sierat3
281 3034 450 3127 respondit
467 3037 628 3105 Hannibal
646 3039 687 3105 de
703 3039 809 3128 preda
820 3071 843 3105 υ.
863 3040 922 3104 En.
