2722 5040
166 653 291 768 ’ὲῑὲῑςζξῑ
388 669 541 740 uteru
571 668 668 735 xm.
696 665 800 735 cie.
829 668 966 736 xx1v.
994 666 1007 687 ·
1139 667 1210 768 589

140 808 268 866 «certe
286 807 407 863 tamen
427 770 582 887 aliquid,
599 785 699 885 quod
720 801 791 857 tam
813 786 957 884 longam
977 788 1209 864 deliberatio-

141 935 157 970 «
174 928 257 976 nem
276 902 431 974 fecerat:
454 900 491 971 id
516 899 618 997 quod
638 912 714 970 erat
733 912 873 969 vetusta
894 900 1105 996 conjunctio
1124 928 1209 976 cum

140 1010 454 1098 «Macedonibus,
482 1024 602 1081 vetera
628 1024 666 1081 et
691 1003 819 1106 magua
840 1011 878 1079 in
900 1035 966 1080 nos
987 1035 1112 1107 regum
1136 1039 1211 1085 me·

141 1157 158 1191 «
173 1128 250 1197 rita.
274 1123 425 1197 Vaieant
445 1136 481 1193 et
501 1146 600 1191 nunc
621 1120 747 1193 eadem
772 1119 851 1208 itta,
872 1146 948 1191 non
968 1136 1010 1192 ut
1031 1125 1210 1222 praecipue

142 1237 296 1321 «amici,
315 1233 378 1305 sed
397 1258 443 1304 ne
464 1233 644 1329 praecipue
664 1233 799 1303 inimici
815 1234 935 1303 simus.
953 1236 1007 1304 Ne
1026 1232 1085 1321 id,
1107 1238 1208 1332 quod

142 1378 159 1413 a
174 1373 249 1419 non
265 1349 400 1443 agitur,
420 1343 642 1429 Callicrates,
665 1343 960 1415 simulaverimus.
976 1348 1091 1416 Nemo
1107 1371 1210 1416 novae

140 1459 349 1531 «societatis
372 1470 434 1528 aut
463 1455 549 1525 novi
571 1450 739 1540 foederis,
760 1477 835 1549 quo
856 1479 925 1525 nos
946 1468 1081 1528 temere
1103 1456 1212 1555 illige-

140 1600 156 1633 ι
174 1593 270 1655 mus,
286 1564 540 1638 conscribendi
552 1577 607 1635 est
620 1577 765 1634 auctor:
783 1562 846 1634 sed
861 1568 1117 1638 commercium
1135 1581 1211 1639 tan·

142 1706 158 1741 a
173 1691 250 1746 tum
268 1672 384 1772 juris⁸
407 1672 593 1773 praebendi
613 1670 877 1771 repetendique
905 1675 969 1763 sit,
998 1700 1044 1746 ne
1066 1678 1211 1750 interdi-

142 1789 293 1857 «ctione
318 1783 448 1855 finium
472 1798 679 1855 nostrorum
703 1798 739 1853 et
759 1805 826 1854 nos
849 1807 1000 1880 quoque
1022 1811 1137 1884 regno
1163 1814 1213 1860 ar-

143 1926 159 1958 c<
175 1921 337 1984 ceamus,
358 1922 405 1967 ne
426 1897 536 1966 servis
555 1893 690 1981 nostris
704 1892 825 1989 aliquo
840 1890 964 1989 fugere
980 1893 1093 1965 liceat.
1114 1897 1211 1987 Quid

144 2007 245 2079 «hoc
258 2007 428 2079 adversus
446 2028 595 2076 romana
612 2001 748 2074 foedera
764 2002 841 2074 est?
855 2001 953 2091 Quid
970 2028 1046 2074 rem
1064 2028 1209 2102 parvam

143 2147 159 2181 α
173 2132 209 2188 et
224 2125 385 2214 apertam
399 2139 572 2213 maguam·
580 2129 616 2186 et
629 2127 833 2212 suspectam
851 2112 1026 2184 facimus?
1040 2116 1137 2205 Quid
1156 2141 1213 2187 va·

143 2257 160 2290 «
176 2253 244 2299 nos
267 2227 444 2298 tumultus
469 2226 629 2297 ciemus?
653 2224 773 2317 Quid,
792 2238 832 2294 ut
855 2224 924 2323 ipsi
948 2223 1069 2295 locum
1093 2250 1210 2298 assen-

143 2366 159 2401 «
173 2336 275 2408 tandi
295 2337 464 2408 Romanis
488 2333 705 2424 habeamus,
728 2348 917 2431 suspectos
941 2334 1029 2405 alios
1054 2359 1095 2407 ac
1115 2337 1211 2408 invi·

144 2478 161 2512 «
175 2458 259 2518 s0s⁹
278 2445 474 2519 efficimus?
497 2447 533 2516 Si
552 2444 691 2516 bellum
712 2446 801 2532 erit,
821 2469 869 2514 ne
890 2448 1041 2517 Perseus
1061 2448 1211 2543 quidem

144 2589 161 2623 a
175 2557 340 2644 dubitat,
366 2558 456 2654 quin
483 2562 667 2627 Romanos
691 2556 882 2652 sequuturi
904 2557 1024 2628 simus.
1053 2561 1096 2629 ln
1123 2583 1212 2656 pace

143 2668 405 2737 «etiamsinon
426 2663 508 2735 odia
527 2666 719 2753 finiuntur,
741 2667 1028 2739 intermittantur
1041 2699 1069 2737 ».
1089 2672 1212 2759 Quum

145 2775 252 2846 iidem
271 2775 356 2845 huic
373 2776 548 2863 orationi,
568 2776 632 2874 qui
650 2776 763 2848 literis
779 2778 872 2876 regis
890 2778 1143 2864 assentierant,
1163 2804 1213 2850 as

144 2886 364 2955 sentirentur
378 2895 422 2973 ¹⁰,
443 2885 694 2985 indignatione
710 2890 937 2986 principum,
960 2885 1079 2982 quod,
1100 2912 1210 2985 quarn

144 3019 221 3066 rem
241 3021 287 3066 ne
305 2995 484 3094 legatione
504 2998 652 3095 quidem
672 2997 818 3094 dignam
835 2995 1027 3092 judicasset
1041 3001 1210 3086 Perseus,

144 3106 256 3178 literis
268 3131 470 3205 paucorum
484 3133 655 3182 versuum
668 3111 878 3205 impetraret
892 3115 936 3192 ¹¹,
948 3103 1134 3177 decretum
1149 3108 1212 3181 dis-

145 3215 268 3290 sertur.
285 3222 409 3317 Legati
421 3218 552 3291 deinde
565 3233 692 3317 postea
710 3218 807 3287 missi
825 3216 872 3287 ab
890 3241 995 3314 rege,
1011 3242 1126 3314 quum
1141 3224 1212 3293 Me·

145 3458 231 3519 faiam,
250 3477 337 3525 unpe
360 3470 478 3509 vetustam
500 3458 655 3520 conjunctio·
738 3475 779 3507 ro.
792 3459 841 3521 Qui
860 3456 935 3506 literis
954 3458 1016 3522 regis
1034 3457 1209 3519 assentierant,

144 3553 201 3586 nem
214 3556 269 3587 cum
282 3539 473 3597 Macedonibus,
486 3549 567 3586 vetera
576 3550 600 3587 et
610 3553 657 3586 ma·
700 3539 881 3595 assentirentur,
896 3537 998 3584 forsitan
1008 3548 1211 3589 assentarentur:

144 3633 192 3680 gna
204 3618 230 3665 ἰιι
239 3633 285 3666 noe
297 3635 381 3683 regum
392 3618 485 3666 merita.
495 3619 541 3666 Eo.
700 3617 785 3667 saltem
794 3616 923 3665 delendum
928 3615 1211 3674 asseritieraatffirouor.

181 3698 205 3743 8.
219 3696 393 3745 Comercium
408 3696 592 3762 tantamjurie,
607 3706 656 3746 etc.
701 3696 807 3746 Adteasi
817 3695 962 3755 eraatconj.
976 3694 1085 3745 Fretum.
1095 3696 1127 3745 ad
1141 3701 1210 3750 Cart.

143 3774 197 3823 haee
218 3775 326 3839 explicat
345 3776 475 3841 Spauhem·
504 3775 535 3823 ad
565 3775 657 3824 Julirni
701 3774 1160 3840 11,7,n‚9‚etadremerarrtDuk.

143 3856 212 3902 Orat.
224 3856 250 3908 1,
265 3869 319 3916 pag.
333 3855 375 3909 34.
387 3882 422 3891 —
436 3856 475 3902 Ne
488 3853 656 3902 interdictione
737 3872 779 3904 ιι.
794 3853 880 3902 Literis
888 3869 1025 3916 paucorum
1039 3870 1102 3905 vers.
1116 3858 1212 3923 (germ.

140 3929 229 3995 finiam
240 3941 378 3978 normarum
387 3944 411 3979 et
419 3948 464 3980 aas
472 3948 570 3998 qaoque
580 3948 655 3999 regno
700 3935 782 3984 Zeilan
793 3934 804 3997 )
814 3933 969 3995 impetraret,
983 3950 1013 3981 ex
1025 3935 1120 3983 emend.
1134 3939 1213 3988 Gmn,

144 4023 285 4063 arceamus,
301 4018 347 4055 ete.
366 4025 398 4056 ne
415 4025 444 4058 ea
463 4010 612 4072 efficiamur,
626 4024 656 4062 ut
699 4030 746 4079 pro
759 4013 902 4076 imperaret,
916 4013 974 4076 quia
994 4029 1045 4062 ιιοιι
1057 4014 1212 4078 imperaverit

144 4085 292 4134 Macedones
305 4085 377 4134 nobie
394 4103 494 4152 quoque
509 4089 655 4140 interdicant
699 4093 797 4154 ntique,
807 4104 853 4136 uec
867 4101 912 4139 eut
925 4091 967 4152 jas
983 4091 1010 4139 id
1021 4092 1074 4152 ejus
1088 4104 1130 4140 aut
1143 4104 1211 4146 tauta

143 4162 234 4211 finibus
247 4163 315 4226 regni
332 4165 503 4235 eai,etsmis
516 4167 604 4215 normis
617 4178 655 4216 ta-
698 4169 829 4219 naetoritae
854 4170 934 4220 suerit.
952 4173 991 4220 De
1013 4170 1088 4218 literis
1108 4172 1212 4224 vidend

144 4253 195 4289 tam
207 4240 332 4307 prebeant
341 4243 470 4307 refugium.
699 4264 752 4314 erp.
774 4249 816 4296 ιδ.
837 4277 872 4286 -
894 4250 989 4297 Deinde
1007 4259 1112 4311 postea,
1140 4253 1210 4317 pleo-

179 4337 205 4383 9.
220 4321 344 4383 Suspectus
357 4321 420 4370 alios
433 4338 465 4368 ac
483 4322 585 4378 maisou
598 4322 655 4373 ride
699 4327 869 4391 numus,qui
894 4339 918 4375 et
945 4327 1023 4389 qualis
1044 4343 1210 4391 sepenumero

145 4400 176 4449 ud
187 4402 239 4458 111,
253 4401 297 4461 ιδ,
310 4416 335 4448 ιι.
348 4417 372 4448 a.
701 4407 791 4456 obvius
808 4417 851 4454 eet.
