2722 5040
151 846 177 942 l:
188 841 216 938 l:
228 843 277 940 2231
316 862 403 928 mn.
426 861 601 928 xxxvii.
623 864 719 931 cir.
743 863 886 928 xnvn.
913 861 1069 929 xuvru.
1127 859 1188 931 161

124 1005 238 1051 unum
253 979 352 1051 diem
370 981 584 1078 supplicatio
598 981 742 1053 decreta
758 996 834 1066 est;
851 983 889 1050 in
906 983 1058 1052 alterum
1073 983 1190 1067 diem,

125 1090 224 1189 quod
236 1093 417 1163 exercitus
427 1117 599 1163 romanus
611 1107 688 1164 tum
702 1095 857 1190 primum
872 1094 910 1160 in
924 1094 1004 1162 Asia
1015 1095 1193 1190 posuisset

125 1215 260 1286 castra,
286 1215 329 1270 ut
352 1227 394 1272 ea
420 1226 478 1273 res
505 1226 678 1300 prospera
700 1217 736 1273 et
755 1202 833 1273 laeta
854 1204 1026 1273 eveniret.
1047 1204 1191 1274 Vicenis

125 1310 324 1407 majoribus
338 1310 464 1382 hostiis
476 1314 514 1383 in
529 1312 686 1409 singulas
699 1312 981 1410 supplicationes
993 1310 1191 1383 sacrificare
1293 1385 1295 1388 .

124 1422 253 1494 consul
268 1436 324 1492 est
336 1422 467 1516 jussus.
486 1422 574 1493 lnde
589 1421 789 1493 consularia
804 1422 947 1491 comitia
962 1444 1091 1517 magna
1103 1443 1191 1490 con·

124 1534 287 1603 tentione
301 1531 432 1602 habita.
447 1537 495 1603 M.
511 1532 671 1603 AEmilius
686 1530 842 1629 Lepidus
857 1527 1026 1628 petebat³
1042 1529 1191 1601 adversa

123 1641 218 1714 fama
243 1641 457 1729 hominurn,
483 1641 585 1740 quod
611 1642 835 1739 provinciam
859 1639 1013 1711 Siciliam
1040 1637 1190 1736 petendi

123 1777 248 1840 causa,
267 1778 342 1823 non
360 1752 530 1825 consulto
552 1766 700 1839 senatu,
718 1765 758 1821 ut
773 1749 842 1820 sibi
859 1750 896 1820 id
911 1747 1029 1820 facere
1043 1749 1189 1837 liceret,

122 1862 336 1960 reliquisset.
369 1862 544 1934 Petebant
571 1886 654 1933 cum
681 1886 725 1932 eo
752 1865 801 1930 M.
832 1858 975 1929 Fulvius
1001 1858 1189 1947 Nobilior,

123 1977 189 2046 Cn.
202 1973 358 2044 Manlius
373 1973 506 2059 Vuls0,
523 1976 569 2068 M.
584 1970 748 2044 Valerius
760 1971 935 2042 Messalla.
949 1969 1094 2041 Fulvius
1107 1994 1189 2040 con·

122 2083 177 2153 sul
198 2106 296 2153 unus
319 2097 477 2170 creatur,
493 2107 608 2180 quum
629 2083 748 2154 caeteri
766 2082 947 2152 centurias
961 2104 1037 2150 non
1050 2079 1188 2178 exples·

120 2194 224 2262 sent⁴
236 2218 246 2279 ς
259 2193 361 2288 isque
375 2207 522 2290 postero
537 2191 595 2264 die
608 2196 675 2263 Cn.
691 2192 883 2275 Manlium,
896 2189 1035 2287 Lepido
1047 2189 1186 2285 dejecto

120 2299 225 2393 (nam
238 2301 401 2372 Messalla
414 2300 558 2398 tacuit),
570 2301 744 2398 collegam
756 2301 856 2370 dixit.
872 2305 1045 2371 Praetores
1055 2299 1185 2372 exinde

120 2404 227 2494 facti,
251 2408 326 2479 duo
352 2411 396 2500 Q.
424 2409 543 2497 Fabii,
563 2409 683 2482 Labeo
707 2425 743 2482 et
760 2405 903 2483 Pict0r⁵
922 2409 1078 2505 (flamen
1097 2410 1185 2500 Qui-

119 2518 243 2588 rinalis
263 2544 307 2590 eo
333 2545 429 2592 anno
455 2522 687 2619 inauguratus
706 2519 862 2615 fuerat),
884 2525 930 2592 M.
950 2522 1186 2618 Sempronius

119 2627 338 2717 Tuditanus,
363 2635 423 2729 Sp.
448 2632 653 2703 Postumius
674 2630 848 2719 Albinus,
871 2637 911 2703 L.
935 2630 1094 2702 Plautius
1116 2635 1185 2726 Hy·

121 2760 252 2833 psaeus,
272 2744 312 2810 L.
331 2738 469 2811 Baebius
482 2742 602 2812 Dives.

166 2850 321 2919 XLVIII.
334 2852 384 2918 M.
401 2850 528 2922 Fulvio
540 2850 724 2921 Nobiliore
739 2866 775 2922 et
791 2856 856 2922 Cn.
875 2851 1010 2922 Manlio
1021 2850 1183 2922 Vulsone

118 2955 345 3042 consulibus,
364 2959 526 3031 Valerius
539 2963 663 3030 Antias
679 2975 806 3030 auctor
822 2974 875 3031 est
886 2971 911 3046 ¹,
929 2984 1112 3030 rumorem
1131 2985 1184 3031 ce·

118 3066 256 3137 lebrem
283 3072 406 3139 Romae
431 3067 558 3157 fuisse,
587 3085 623 3140 et
645 3094 747 3167 paene
774 3094 841 3167 pro
869 3084 967 3139 certo
997 3067 1182 3154 habitum,

117 3176 313 3274 recipiendi
345 3180 521 3276 Scipionis
553 3177 791 3250 adolescentis
821 3188 965 3262 causa2,
995 3173 1180 3246 consulem

153 3401 175 3447 3.
187 3401 222 3447 Μ.
228 3400 342 3449 AEmr'lius
348 3401 451 3466 Lepidus
453 3402 554 3466 petebat
562 3399 623 3466 (vid.
703 3402 727 3448 5.
740 3403 795 3448 Duo
808 3402 836 3464 Q.
858 3400 929 3447 Fabii
945 3399 1026 3444 Labeo
1046 3408 1069 3443 et
1078 3395 1176 3453 Pictor,

116 3477 147 3525 ed
160 3479 271 3541 xm,
285 3496 332 3540 ro,
346 3492 399 3528 not.
413 3481 436 3544 r)
449 3481 565 3535 adversa,
577 3493 623 3530 etc.
667 3491 695 3528 ut
710 3497 764 3545 cap.
786 3481 833 3535 50,
854 3480 901 3533 51,
920 3488 944 3525 et
960 3477 993 3532 45
1001 3511 1008 3533 ,
1029 3484 1075 3531 tt,
1088 3475 1176 3537 quibua

116 3558 227 3606 Forsitan
251 3559 373 3608 festinavit
400 3561 504 3606 Romam
530 3559 623 3617 redire,
666 3559 728 3606 locis
746 3560 778 3606 N.
793 3557 866 3605 Fabii
884 3555 979 3604 emend.
998 3554 1128 3618 Spenhem.
1145 3554 1176 3602 de

115 3636 183 3698 quod
199 3653 225 3684 ae
236 3649 349 3702 potentes
361 3650 385 3686 et
397 3641 516 3703 gratiosos
526 3656 624 3704 compe·
667 3653 712 3684 uau
722 3649 746 3685 et
759 3654 795 3700 pr.
810 3653 876 3684 num.
891 3637 953 3682 Dios.
968 3637 1007 3693 K,
1019 3650 1074 3697 pag.
1087 3633 1176 3691 26,al.

115 3714 200 3761 titores
217 3715 356 3764 habiturum
369 3717 481 3767 videbat:
500 3735 554 3781 quar
570 3719 622 3765 aine
668 3719 726 3774 514.
743 3717 789 3763 Sed
809 3717 909 3779 copiose
926 3726 951 3761 et
971 3713 1042 3761 docte
1060 3712 1176 3761 adversus

115 3791 191 3840 (lubio
201 3808 273 3841 cauae
283 3795 341 3853 luit,
351 3797 441 3844 curvel
449 3797 545 3861 integro
556 3813 622 3844 anno
666 3813 720 3843 eum
730 3795 864 3859 disputarit
877 3793 943 3841 nuk.
958 3820 992 3828 —
1007 3793 1107 3839 Flamen
1119 3792 1176 3854 Qui-

114 3881 169 3918 ante
184 3873 284 3919 comitia
295 3874 443 3938 relinqueret
458 3877 622 3940 provinciam,
666 3876 750 3922 riualis
772 3891 800 3921 eo
825 3890 891 3920 anno
914 3874 1074 3935 inauguratus
1100 3883 1175 3928 erat,-

113 3964 164 3997 non
182 3961 322 4014 exspectato
340 3968 479 4002 successore
494 3955 569 4020 (coni.
591 3954 622 4002 ad
665 3971 753 4018 nempe
778 3952 863 3999 Fabius
883 3953 978 4009 Pictor,
991 3951 1033 4013 qui
1050 3962 1174 4015 postremo

114 4029 241 4086 um,
258 4045 287 4088 ²,
301 4043 326 4079 et
337 4034 475 4090 XXXVII,
490 4034 541 4098 a),
560 4035 622 4098 peti·
665 4036 803 4082 nominatus
813 4044 849 4079 est
860 4032 930 4088 loco,
944 4042 971 4078 ut
985 4042 1052 4094 patet
1062 4047 1093 4078 ex
1105 4047 1128 4079 c.
1140 4031 1173 4078 50

114 4106 251 4170 tionernque
260 4108 399 4167 edormre13
413 4112 481 4160 nuk.
665 4116 729 4162 «2151
741 4150 748 4171 ,
760 4114 829 4160 infra.
840 4111 887 4158 Sed
903 4110 1003 4164 clarior,
1018 4120 1044 4156 ut
1060 4108 1174 4156 observet

147 4193 171 4239 t.
186 4187 265 4248 Quum
278 4189 361 4236 coeteri
376 4192 499 4238 centurias
516 4208 564 4238 non
578 4207 621 4239 ex·
665 4191 843 4249 Crev.,fuisset
857 4191 935 4237 oratio
944 4225 951 4248 ‚
961 4191 981 4237 si
991 4189 1049 4236 huic
1062 4188 1172 4236 membro

108 4264 227 4328 pleasent5
241 4266 299 4315 vide
315 4269 347 4315 ed
367 4272 417 4327 111,
441 4273 490 4327 64,
507 4287 532 4317 n.
549 4271 572 4316 3.
587 4296 622 4307 -
666 4269 704 4317 laic
713 4271 859 4334 praepositus
871 4270 962 4318 fuisset.
973 4271 1018 4316 En.

114 4343 302 4410 Iaepidodq'ecto
309 4348 570 4407 ;rideadlll,35,n.
582 4365 621 4397 ιο.
700 4350 888 4397 mamm.
915 4365 936 4396 r.
952 4348 1062 4395 Valerius
1085 4346 1173 4393 Antias

112 4425 272 4473 -Messolla
289 4429 380 4485 tacuit,
399 4441 487 4493 sponte
502 4429 621 4477 destitite
666 4427 924 4484 oreetorest,¹videad
938 4430 974 4484 11,
992 4427 1040 4484 58,
1062 4442 1088 4472 u.
1104 4441 1124 4471 r.
1137 4449 1171 4457 —

111 4502 238 4563 petitione.
252 4531 287 4543 ·-
297 4507 418 4572 Collegium
430 4508 496 4555 dixit
503 4508 621 4556 Manlium
667 4504 1118 4568 celebremiuterhominesvulgatum.
1126 4502 1172 4547 En.

111 4579 224 4640 Fulvius,
235 4582 291 4629 vide
299 4582 331 4631 ad
339 4586 402 4647 VH,
412 4594 460 4645 ιι,
471 4603 496 4634 ιι.
508 4586 532 4634 6.
702 4602 726 4634 n.
737 4585 875 4650 decipiendi
885 4584 1002 4648 Scipionis
1011 4582 1079 4629 adol.
1090 4598 1129 4638 c.,·
1139 4579 1172 4626 ri.

243 4671 326 4740 VII.
990 4693 1025 4736 ιι
