2722 5040
144 828 215 920 47⁰
565 830 605 896 r.
638 830 777 897 Ltvu
1058 809 1182 922 3:523:

145 968 322 1017 venenum
345 946 480 1017 danim.
504 947 638 1018 Poculo
664 964 795 1046 epoto,
817 948 1000 1046 extemplo
1020 951 1153 1021 sensit:
1172 962 1207 1021 et

143 1078 230 1125 mox
249 1057 382 1126 coortis
399 1054 604 1143 doloribus,
623 1057 747 1128 relicto
766 1058 948 1142 convivio,
969 1074 1085 1153 quutn
1098 1055 1135 1124 in
1151 1080 1207 1126 cu·

145 1165 307 1237 biculum
327 1168 520 1264 recepisset
536 1191 633 1256 sese,
647 1167 894 1239 crudelitatem
917 1168 1027 1266 patris
1053 1172 1208 1263 conque

145 1298 249 1365 rens,
268 1276 497 1374 parricidium
523 1275 664 1349 fratris⁴
693 1302 735 1349 ac
759 1277 861 1349 Didae
885 1277 1000 1349 scelus
1017 1279 1206 1359 incusans,

145 1384 393 1483 torquebatur.
423 1389 622 1459 intromissi
646 1387 777 1460 deinde
796 1386 940 1486 Thyrsis
960 1386 1106 1485 quidam
1130 1389 1208 1457 Stu-

144 1493 286 1567 beraeus
306 1513 343 1568 et
364 1502 540 1569 Beroeaeus
564 1499 783 1585 Alexander,
806 1500 947 1596 injectis
970 1496 1152 1596 tapetibus
1171 1496 1207 1566 iu

145 1622 253 1705 caput
283 1605 499 1706 faucesque,
526 1611 689 1707 spiritum
719 1608 999 1681 intercluserunt
1010 1604 1036 1677 ⁵.
1068 1610 1122 1677 lta
1155 1607 1209 1674 in·

141 1719 275 1789 noxius
289 1716 516 1807 adolescens,
531 1744 646 1817 quum
660 1723 696 1789 in
711 1745 755 1791 eo
770 1745 815 1792 ne
828 1720 980 1817 simplici
995 1718 1145 1816 quidem
1158 1740 1212 1814 ge.

148 1850 232 1899 nere
247 1831 374 1900 mortis
387 1832 547 1901 contenti
560 1832 694 1902 inimici
712 1829 880 1917 luissent,
896 1828 1121 1901 interficitur.

196 1942 304 2009 XXV.
324 1943 421 2009 Dum
444 1940 520 2011 haec
542 1942 579 2011 in
600 1940 808 2012 Macedonia
832 1955 1025 2038 geruntur,
1042 1943 1082 2021 L.
1106 1938 1211 2008 AEmi·

150 2046 217 2118 lius
235 2048 398 2136 Paullus,
415 2066 609 2147 prorogato
626 2077 669 2122 ex
692 2051 902 2122 consulatu¹
923 2051 1095 2147 imperio,
1110 2050 1210 2146 prin-

148 2158 244 2254 cipio
261 2160 354 2231 veris
373 2161 410 2229 in
433 2162 580 2257 Ligures
595 2165 775 2258 Ingaunos
791 2161 986 2231 exercitum
1001 2156 1209 2229 introduxit

151 2266 219 2338 Ubi
240 2270 397 2366 primum
416 2272 454 2339 in
478 2271 635 2343 bostium
655 2269 789 2341 finibus
810 2285 922 2342 castra
946 2270 1086 2368 posuit,
1107 2267 1212 2364 legati

149 2378 195 2448 ad
213 2403 316 2468 eum,
336 2405 402 2478 per
423 2383 577 2479 speciem
597 2382 694 2479 pacis
713 2379 893 2478 petendae,
916 2377 1139 2477 speculatum
1156 2400 1213 2447 re

150 2505 291 2561 nertmt.
319 2494 479 2586 Negante
499 2492 642 2579 Paullo,
666 2493 734 2562 nisi
759 2516 843 2563 cum
868 2489 998 2560 deditis
1023 2488 1154 2586 pacisci
1176 2510 1212 2558 se

150 2621 293 2693 pacem,
315 2623 389 2669 non
413 2600 536 2670 tamid
553 2601 788 2689 recusabant,
807 2625 916 2699 quam
940 2615 1102 2696 tempore
1121 2621 1213 2695 opus

149 2731 225 2777 esse
245 2706 408 2794 aiebant,
430 2724 470 2780 ut
489 2714 612 2807 generi
632 2712 759 2809 agresti
779 2710 967 2780 bominum
988 2705 1213 2804 persuadere

151 2831 219 2886 tur.
240 2818 294 2888 Ad
316 2817 386 2889 boc
406 2819 531 2891 decern
554 2821 694 2892 dierum
714 2819 866 2891 induciae
889 2841 1004 2914 quum
1025 2815 1212 2897 darentur,

152 2929 331 3023 petierunt
355 2929 509 3018 deinde,
534 2956 578 3001 ne
607 2948 706 3002 tram
728 2947 866 3000 montes
882 2934 1074 3026 proximos
1092 2932 1214 2996 castris

147 3038 364 3134 pabulatum
387 3041 635 3141 lignatumque
659 3041 787 3112 milites
817 3048 927 3111 irent:
952 3040 1048 3110 crdta
1070 3065 1115 3109 ea
1136 3042 1214 3107 loca

150 3170 298 3220 suorum
314 3153 455 3246 finium
482 3177 566 3222 esse.
596 3152 635 3222 ld
669 3152 732 3222 ubi
759 3153 1015 3248 impetravere,
1043 3162 1128 3245 post
1154 3166 1215 3216 eos

152 3261 248 3356 ipsos
263 3277 422 3350 montes,
437 3263 534 3333 unde
552 3276 751 3334 averterant
765 3261 924 3345 bostem,
944 3260 1103 3330 exercitu
1116 3256 1214 3326 omni

151 3387 296 3456 coactu,
320 3388 468 3470 repente
490 3371 721 3442 multitudine
748 3371 884 3469 ingenti
903 3384 1016 3441 castra
1033 3371 1213 3437 Romano-

151 3505 231 3551 rum
256 3508 466 3581 oppugnare
490 3483 595 3553 simul
618 3482 788 3554 omnibus
809 3482 923 3578 portis
943 3477 1097 3575 aggressi
1120 3488 1212 3545 sunt.

152 3596 299 3663 Summa
320 3595 354 3663 vi
372 3610 488 3664 totum
507 3593 604 3664 diem
622 3607 899 3690 oppugnarunt,
924 3592 970 3660 ita
994 3603 1034 3658 ut
1060 3612 1106 3657 ne
1130 3583 1214 3656 efle-

153 3773 259 3836 intellige
269 3790 324 3820 curn
337 3775 402 3821 Gur.
414 3774 557 3822 Heracleam
568 3778 660 3837 Lynee-
705 3773 763 3819 duci
782 3773 863 3836 (sicut
881 3771 944 3818 dixit
962 3771 1058 3824 Livius,
1077 3768 1151 3824 ΧΗ,
1172 3779 1215 3820 ιο,

152 3850 242 3912 elidos,
255 3867 310 3916 quae
320 3863 356 3901 ert
369 3854 400 3900 ad
414 3854 543 3916 Erigonem
557 3868 660 3900 amnem.
705 3852 785 3916 princ.
797 3851 822 3898 in
827 3850 894 3918 fines
907 3852 1024 3896 istrorum
1036 3845 1169 3894 exercitum
1179 3843 1213 3891 irr-

189 3938 213 3985 4.
235 3932 398 3979 Parricidium
417 3930 526 3997 fratta,-
548 3932 603 3979 vide
629 3931 661 3979 ed
705 3921 1216 3993 trodttxerant),sedinpopuluminduei‚¹

155 4011 267 4056 xxvtn
275 4043 282 4067 ‚
296 4027 343 4072 29,
357 4027 382 4060 n.
402 4028 430 4069 t,
444 4021 468 4058 et
482 4012 541 4068 xL,
556 4012 584 4069 8,
598 4026 622 4057 n.
635 4027 659 4057 a.
705 4026 779 4073 quum
791 4009 940 4057 locutionem
953 4006 1036 4054 multia
1052 4016 1132 4052 tuetur
1142 4017 1216 4050 exem

188 4088 212 4134 5.
221 4089 336 4151 Spiritum
350 4090 548 4146 intercluserrmt,·
562 4089 617 4136 vide
630 4089 661 4136 ad
705 4087 761 4152 plis.
774 4088 890 4149 Doering.
903 4103 961 4133 vero
974 4100 1020 4149 pro
1031 4083 1166 4130 exercitam
1178 4081 1214 4128 in·

154 4167 255 4224 xxltt,
271 4183 298 4227 7,
311 4183 335 4213 n.
347 4168 370 4213 5.
705 4165 816 4213 traduxit
834 4164 933 4226 mullet,
952 4164 1041 4219 deerit,
1069 4162 1144 4224 idque
1167 4175 1215 4207 non

187 4245 339 4295 ciam.
356 4261 376 4290 r.
394 4246 436 4291 Ex
448 4245 592 4301 consultum·
607 4245 662 4294 vide
706 4246 762 4294 ideo
781 4257 886 4299 tantum,
903 4245 970 4307 quod
981 4243 1069 4290 ducere
1082 4239 1214 4288 sexcenties

153 4327 183 4374 ad
194 4327 238 4383 tv,
251 4327 279 4372 31
291 4359 297 4381 ,
312 4342 336 4371 n.
355 4341 364 4370 r
376 4358 383 4379 ,
397 4336 421 4372 et
431 4322 505 4371 ont.
516 4351 550 4359 -
561 4324 661 4373 Exerci-
705 4325 771 4390 apud
780 4325 896 4372 Nostram
905 4358 912 4381 ,
922 4338 968 4387 pro
977 4320 1110 4368 exercitam
1119 4319 1215 4369 ducere,

154 4419 203 4452 turn
217 4403 368 4460 introduxit,⁸
382 4418 428 4467 pro
440 4402 578 4451 introdusit
590 4404 662 4452 niele·
708 4404 808 4456 dicitur.
826 4403 867 4450 sed
885 4401 951 4465 quod
972 4416 1022 4447 vox
1041 4397 1171 4455 exercitam
1191 4396 1216 4440 in

153 4488 193 4533 bat
213 4482 334 4532 nutent.
356 4482 467 4538 induxit,
488 4482 617 4532 observans
636 4484 662 4530 in
707 4482 821 4531 omuibus
835 4478 906 4529 codd.
920 4479 986 4545 apud
1004 4476 1078 4524 urat.
1092 4493 1142 4523 uno
1158 4470 1213 4522 cod.

149 4563 212 4629 fines
225 4562 323 4627 quidem
336 4564 423 4629 populi
436 4564 568 4612 exercitum
584 4563 661 4610 intro·
707 4566 767 4610 [ον.
778 4561 792 4607 5
803 4571 920 4624 excepto,
933 4559 1020 4607 omissa
1035 4567 1078 4603 est.
1091 4556 1135 4602 En.
