2730 5086
190 803 253 904 tt:
267 816 313 911 3313
409 825 559 892 numu
590 825 767 892 xxxvi.
798 825 899 892 cir.
920 825 1005 891 vu.
1184 823 1225 894 n

163 948 248 1031 «Si,
268 972 312 1017 ex
331 971 406 1043 quo
426 945 629 1040 trajecimus
645 945 683 1013 in
703 943 892 1027 Graeciam,
913 939 1095 1014 adhibitus
1110 967 1225 1015 essem

164 1084 179 1117 «
194 1057 229 1123 in
243 1056 452 1141 consilium,
467 1078 580 1149 quum
591 1053 636 1124 de
647 1051 798 1135 Euboea,
810 1052 853 1121 de
867 1049 1020 1139 Achaeis,
1036 1052 1080 1122 de
1090 1056 1226 1125 Boeotia

164 1165 385 1262 «agebatur,
406 1163 569 1236 eamdem
590 1165 804 1234 sententiam
825 1161 1014 1248 dixissem,
1036 1188 1143 1258 qnam
1163 1165 1227 1234 ho-

164 1306 179 1338 «
194 1275 270 1362 die,
290 1301 404 1373 quum
423 1276 468 1347 de
489 1273 666 1344 Thessalis
683 1276 817 1370 agitur,
840 1270 967 1342 dicam.
991 1279 1083 1344 Ante
1107 1276 1227 1346 omniu

163 1386 397 1485 «Philippum
423 1401 460 1456 et
482 1383 697 1455 Macedonas
724 1385 760 1452 in
792 1382 1000 1452 societatem
1027 1381 1113 1453 belli
1136 1409 1226 1480 qua-

164 1527 180 1560 «
195 1522 352 1594 cumque
368 1498 508 1567 ratione
524 1519 654 1566 censeo
673 1492 906 1565 deducendos
920 1518 1007 1563 esse.
1022 1497 1112 1563 Nam
1127 1494 1227 1590 quod

164 1639 179 1671 «
195 1609 238 1678 ad
261 1610 437 1679 Euboeam
464 1611 682 1701 Boeotosque
711 1619 746 1675 et
773 1603 960 1673 Thessalos
989 1605 1136 1689 attinet,
1168 1606 1228 1675 cni

165 1748 181 1780 «
195 1715 346 1787 dubium
367 1733 442 1802 est,
467 1718 576 1812 quin,
597 1730 638 1784 ut
659 1714 794 1811 quibus
817 1713 922 1783 nullae
941 1737 1012 1783 suae
1029 1715 1122 1784 vires
1137 1716 1228 1797 sint,

164 1856 181 1890 «
195 1827 432 1924 praesentibns
446 1824 628 1895 adulando
644 1848 803 1920 semper,
818 1847 926 1918 quem
942 1838 1077 1893 metum
1093 1825 1129 1892 in
1144 1848 1228 1894 con·

163 1940 272 2008 «silio
293 1935 469 2019 habeant,
488 1934 617 2003 eodem
633 1932 677 2000 ad
692 1933 955 2028 impetrandam
971 1935 1110 2002 veniam
1129 1949 1230 2005 utan-

166 2077 181 2109 α
196 2049 279 2116 tur?
307 2044 412 2113 simul
435 2066 476 2112 ac
495 2051 713 2111 romanum²
740 2043 937 2110 exercitum
960 2043 996 2110 in
1020 2045 1153 2113 Graecia
1175 2045 1228 2112 vi·

167 2154 337 2234 «derint,
361 2152 405 2222 ad
431 2164 644 2222 consuetum
676 2152 866 2247 imperium
891 2174 929 2219 se
954 2154 1140 2221 avertunt?
1162 2177 1230 2223 nec

166 2263 238 2330 «iis
262 2285 367 2332 noxae
389 2259 553 2332 futurum
577 2261 643 2346 sit,
665 2259 785 2355 qnod,
801 2284 915 2356 quum
935 2262 1087 2329 Romani
1103 2263 1230 2358 procul

166 2402 183 2435 «
197 2372 381 2458 abessent,
401 2373 474 2442 vim
500 2387 597 2441 tuam
619 2372 804 2468 praesentis
826 2372 1075 2466 exercitusque
1098 2373 1151 2441 tui
1172 2397 1231 2442 ex-

165 2514 181 2546 «
197 2485 305 2580 periri
324 2484 534 2555 noluerint?
550 2485 696 2571 Quanto
711 2482 820 2578 igitur
835 2483 934 2577 prius
949 2482 1143 2577 potiusque
1158 2498 1230 2568 est,

165 2592 399 2690 «Philippum
419 2592 523 2663 nobis
540 2593 777 2687 conjungere,
800 2616 909 2687 quam
929 2590 1019 2660 hos?
1038 2594 1114 2678 cui,
1130 2593 1158 2662 si
1173 2618 1229 2663 se·
1264 2676 1268 2685 Ι

163 2731 179 2764 «
194 2703 264 2772 mel
277 2704 313 2771 in
325 2726 468 2772 causam
479 2700 705 2773 descenderit
714 2697 740 2787 ³,
753 2698 842 2770 nihii
853 2702 985 2795 integri
996 2698 1162 2773 futurum
1173 2704 1229 2792 sit,

166 2839 182 2873 «
198 2814 335 2906 quique
358 2836 417 2883 eas
442 2812 537 2882 vires
555 2810 699 2895 afferat,
716 2835 796 2906 qnae
817 2837 893 2882 non
912 2815 1067 2882 accessio
1089 2827 1229 2885 tantum

165 2918 241 2988 «ad
266 2944 457 2991 romanum
482 2944 559 2991 esse
582 2920 741 3005 beilum,
764 2921 826 2991 sed
853 2946 917 3018 per
944 2947 981 2992 se
1007 2924 1090 3019 ipsae
1112 2949 1231 3022 nuper

165 3030 369 3100 «sustinere
384 3032 570 3127 potuerint
583 3036 773 3101 Romanos.
791 3035 867 3102 Hoc
883 3056 949 3127 ego
964 3031 1136 3126 adjuncto
1151 3033 1231 3130 (ab-

164 3140 238 3208 «sit
254 3138 366 3210 verbo
388 3139 567 3235 invidiat)
585 3142 648 3237 qui
668 3140 833 3212 dubitare
855 3140 900 3210 de
920 3157 1052 3211 eventu
1071 3145 1230 3239 possim?

165 3275 331 3345 «quum,
359 3250 493 3347 quibus
525 3250 694 3322 adversus
720 3251 928 3348 Philippum
955 3252 1132 3321 valuerint
1157 3258 1231 3324 Ro·

166 3361 313 3445 «mani,
339 3361 380 3429 iis
410 3387 509 3432 nunc
536 3358 614 3432 fore
640 3361 777 3432 videam
803 3375 842 3431 ut
868 3362 936 3456 ipsi
958 3378 1229 3456 oppugnentnr.

166 3606 241 3654 nuk.
251 3608 322 3654 Coni.
336 3607 367 3653 nd
382 3609 433 3664 ΙΙΙ,
447 3608 494 3665 63,
507 3623 532 3656 n.
545 3624 565 3654 t.
576 3607 674 3655 *διη-
720 3609 760 3656 ste
778 3606 943 3654 dissentientes
961 3605 986 3651 t'tt
999 3622 1099 3652 caenam
1113 3606 1230 3656 deducere

166 3680 376 3732 seo'deducendos.
386 3687 512 3732 Creverius
520 3686 624 3734 libenter
632 3687 674 3733 de·
720 3688 801 3741 xttt,
823 3686 864 3731 38.
886 3711 920 3719 -
938 3683 1008 3731 Nihil
1024 3685 1112 3749 integri
1120 3689 1173 3750 jue.
1189 3689 1229 3738 sit.

166 3763 225 3810 leret
243 3762 344 3809 verbum
359 3778 457 3818 censeo,
472 3765 529 3825 quia
547 3765 623 3828 magis
639 3766 674 3811 vi·
719 3769 808 3811 Sensus
825 3775 877 3811 est:
890 3761 948 3825 qui,
964 3764 984 3809 ei
1007 3765 1080 3811 semel
1099 3765 1228 3815 nobiscnm

167 3841 298 3888 deteriore
311 3841 450 3896 Liuianum,
464 3843 485 3888 ei
494 3843 598 3905 legetur:
611 3846 675 3891 Eam
718 3861 783 3890 anna
790 3843 911 3901 junxerit,
920 3858 1071 3906 nequaquam
1082 3857 1166 3909 postea
1177 3864 1229 3895 mu·

165 3920 308 3966 sententium
327 3918 440 3966 dixissem
463 3937 538 3982 quam
557 3922 670 3971 bodie...
720 3935 770 3970 ture
788 3921 917 3968 eonsilium
940 3931 965 3968 et
987 3938 1042 3968 oum
1064 3925 1180 3972 Romanis
1201 3928 1227 3975 in

167 3999 263 4053 dieam;
277 3999 328 4045 seii.
341 4009 399 4044 ante
408 4015 473 4045 orme.
487 3998 550 4046 etit.
569 4013 593 4048 et
607 4003 673 4049 Mac.
720 4003 818 4064 gratiana
834 4001 912 4049 redire
928 4001 1028 4065 poterit.
1045 4001 1115 4050 n‘itit
1128 4003 1227 4069 integri,

167 4079 192 4125 t'n
209 4093 257 4124 soc.
275 4078 319 4124 bet.
333 4093 396 4140 quer.
409 4077 505 4123 ratione
518 4078 604 4126 dedere.
616 4095 673 4128 esse.
719 4092 746 4127 ut
758 4080 871 4128 observat
888 4082 1004 4142 Doering.
1017 4080 1117 4144 aliquid
1128 4099 1177 4129 esse
1189 4084 1228 4131 di-

166 4156 284 4203 Jndicent
305 4157 323 4204 ii
347 4157 436 4220 quibua
464 4157 561 4204 Liviana
580 4159 675 4222 phrasi«
719 4160 782 4207 citur
797 4162 833 4218 ei,
852 4161 908 4216 cni,
924 4176 950 4206 re
967 4160 1040 4206 semel
1054 4162 1140 4208 affecta
1152 4175 1176 4210 et
1189 4163 1227 4211 in·

166 4246 223 4283 nota
233 4247 277 4283 eet.
287 4238 331 4283 En.
718 4238 820 4295 obnata,
837 4251 944 4302 potestas
956 4255 1004 4301 pro
1018 4239 1119 4286 arbitrio
1137 4242 1229 4305 tegendi

202 4332 226 4363 a.
245 4315 322 4363 Simul
337 4331 369 4363 ae
387 4331 533 4372 rosnarum,
553 4316 616 4364 forte
629 4334 671 4373 ac,
719 4330 800 4382 erepta
814 4330 851 4365 est
865 4320 910 4374 ita,
924 4329 951 4364 ut
962 4334 976 4363 a
990 4318 1094 4365 consilio
1104 4320 1176 4366 semel
1188 4336 1228 4367 ra·

167 4395 281 4449 simule..
294 4406 339 4442 etc.
353 4396 431 4442 Gron.
719 4409 763 4461 pto
777 4397 888 4444 recedere
897 4407 1008 4458 nequeat.
1017 4397 1063 4443 En.

202 4475 226 4521 3.
235 4475 261 4521 Si
273 4474 346 4522 semel
358 4474 382 4521 in
397 4485 617 4522 emisamnostram
633 4475 673 4521 de·
755 4485 778 4531 t.
790 4476 860 4523 Absit
868 4476 944 4522 verbo
954 4474 1044 4523 invidia
1049 4491 1060 4529 ;
1069 4474 1125 4521 ride
1137 4475 1169 4522 ad
1177 4478 1230 4537 ΙΙΙ,

166 4553 297 4612 seenderit,
310 4553 340 4600 ad
351 4564 429 4617 partes
440 4564 534 4600 nostras
546 4555 673 4602 transierit.
723 4571 770 4616 ις),
783 4571 807 4601 n.
822 4572 844 4614 7.
