2722 5040
1096 811 1159 852 Mi.
1178 817 1222 852 rh.

181 833 251 922 436
608 841 646 904 Τ.
682 837 820 904 LIVlt
1093 873 1157 914 uc.
1173 877 1220 930 57⁰·

181 982 252 1055 gna
278 973 314 1028 et
339 957 497 1029 hilaritas
521 957 697 1053 juvenalis
723 972 897 1053 utrosque
926 958 963 1025 iu
977 958 1101 1026 viuum
1128 958 1246 1027 traxit.

180 1071 486 1142 Commemoratio
505 1069 556 1139 ibi
575 1068 779 1141 certaminis
800 1066 929 1137 ludicri
952 1081 988 1136 et
1007 1066 1131 1160 jocosa
1153 1065 1249 1137 dicta

180 1183 219 1253 iu
235 1180 475 1264 adversarios,
494 1183 542 1249 ita
561 1193 602 1248 ut
624 1204 670 1249 ne
693 1178 780 1274 ipsis
801 1177 949 1273 quidem
971 1174 1124 1246 ducibus
1142 1173 1249 1245 absti-

180 1305 348 1377 neretur,
365 1288 603 1384 jactabantur.
627 1286 681 1358 Ad
698 1286 762 1357 has
781 1284 1009 1383 excipiendas
1023 1294 1154 1356 voces²
1173 1308 1249 1381 spe·

180 1398 321 1471 culator
346 1425 389 1470 ex
419 1398 576 1469 convivis
606 1397 724 1467 Persei
748 1397 900 1482 missus,
928 1420 1041 1492 quum
1070 1396 1249 1466 incautior

180 1507 452 1590 obversaretur,
485 1521 658 1604 exceptus
688 1529 707 1574 a
734 1504 929 1600 juvenibus
961 1505 1056 1577 forte
1090 1505 1247 1577 triclinio

178 1619 354 1716 egressis,
381 1616 473 1688 male
503 1616 694 1687 mulcatur.
723 1616 838 1712 Hujus
863 1617 915 1685 rei
944 1617 1090 1713 ignarus
1115 1621 1246 1687 Deme-

178 1729 287 1813 trius,
303 1757 319 1792 α
335 1728 424 1823 quin
447 1728 697 1814 comissatum,
720 1726 856 1822 inquit,
880 1724 924 1794 ad
944 1722 1093 1795 fratrem
1109 1722 1122 1768 ³
1136 1725 1249 1796 imus?

180 1867 197 1901 «ι
212 1850 249 1906 et
268 1839 357 1905 iram
375 1838 472 1930 ejus,
492 1837 522 1905 si
543 1860 615 1932 qua
635 1861 680 1906 ex
699 1836 894 1905 certamine
913 1836 1066 1923 residet,
1083 1836 1249 1933 simplici·

181 1975 199 2011 e
214 1960 286 2017 tate
298 1960 334 2016 et
349 1945 527 2016 hilaritate
543 1959 665 2015 nostra
680 1944 834 2015 lenimus
844 1944 884 2014 l»
898 1949 1034 2017 Omnes
1049 1970 1086 2016 se
1101 1947 1153 2017 ire
1167 1970 1249 2017 con·

179 2053 400 2141 clamarunt,
422 2067 551 2150 praeter
572 2077 654 2138 eos,
677 2055 741 2149 qui
756 2040 990 2150 speculatoris
1004 2054 1050 2126 ab
1065 2081 1103 2127 se
1118 2056 1248 2154 pulsati

179 2179 392 2263 praesentem
418 2162 596 2234 ultionem
620 2163 851 2234 metuebant:
875 2190 990 2261 quum
1011 2191 1074 2237 eos
1099 2192 1248 2265 quoque

180 2276 386 2347 Demetrius
413 2273 593 2358 traheret,
623 2271 761 2344 ferrum
788 2289 886 2346 veste
912 2274 1150 2362 abdiderunt,
1173 2301 1248 2374 quo

180 2411 219 2458 se
238 2388 362 2467 tutari,
380 2387 408 2454 si
430 2410 503 2480 qua
519 2385 572 2453 vis
588 2382 712 2471 fieret,
730 2400 888 2481 possent.
910 2386 1006 2456 Nihil
1025 2387 1155 2457 occulti
1173 2412 1248 2458 esse

180 2497 218 2566 in
233 2497 403 2566 intestina
420 2492 598 2564 discordia
611 2507 750 2591 potest:
770 2509 924 2593 utraque
941 2495 1072 2567 domus
1086 2498 1247 2595 specula-

144 2628 146 2633 ·
181 2619 302 2674 torum
325 2619 360 2673 et
384 2603 612 2701 proditorum
637 2603 744 2699 plena
769 2618 855 2674 erat.
885 2609 1119 2677 Praecucurrit
1140 2609 1248 2678 index

180 2713 225 2786 ad
246 2717 394 2801 Persea,
418 2710 515 2784 ferro
543 2714 745 2783 succinctos
768 2716 939 2785 nuntians
961 2740 1044 2786 cum
1063 2719 1248 2788 Demetrio

80 2822 82 2827 ’
178 2840 337 2921 quatuor
363 2821 609 2894 adolescentes
641 2825 774 2893 venire.
811 2827 885 2895 Etsi
918 2850 1023 2897 causa
1054 2827 1249 2925 apparebat

180 2937 194 3032 (
209 2959 293 3005 nam
312 2933 357 3004 ab
376 2935 418 3004 iis
438 2934 620 3030 pulsatum
640 2935 828 3004 convivam
849 2961 954 3006 suum
977 2937 1184 3034 audierat),
1202 2953 1249 3008 ta-

180 3071 288 3132 men,
308 3043 522 3115 infamandae
544 3046 597 3115 rei
621 3047 763 3130 carnal,
778 3047 926 3142 januam
945 3046 1105 3119 obserari
1118 3046 1246 3143 jubet,

179 3171 216 3228 ct
229 3183 273 3228 ex
286 3171 386 3253 parte
401 3157 587 3252 superiore
602 3155 731 3226 aedium
740 3158 922 3253 versisque
934 3159 972 3227 in
982 3160 1075 3229 viam
1082 3156 1248 3229 fenestris

180 3268 452 3352 comissatores,
475 3280 647 3361 tanquam
676 3265 721 3335 ad
751 3266 883 3337 cadem
914 3292 1016 3338 suam
1040 3269 1246 3353 venientes,

177 3470 203 3502 ιι,
220 3469 244 3513 7.
259 3479 293 3488 -
304 3450 550 3517 Hilaritasjuvenalis
560 3435 690 3517 (Jitvenilis
735 3451 796 3499 imus
806 3459 819 3500 Ρ
828 3453 877 3502 rid.
891 3456 942 3512 111,
953 3471 1002 3520 29,
1013 3472 1040 3504 n.
1060 3457 1084 3513 ³,
1097 3466 1122 3503 et
1133 3456 1247 3513 xxvtt,

179 3531 236 3580 edd.
253 3542 309 3578 aute
319 3528 414 3592 Dralr.)
429 3541 542 3593 utrosque
562 3530 587 3576 in
605 3530 691 3577 aruum

181 3612 273 3668 traxit,
283 3611 314 3658 ad
324 3610 421 3673 largiter
430 3609 564 3656 bibendum
572 3609 690 3657 incitavit.

181 3690 381 3738 -Jaceabamur
388 3707 398 3744 ,·
408 3688 463 3736 vide
475 3688 505 3735 ad
517 3691 556 3749 11,
574 3705 603 3735 ra
614 3706 655 3748 ,ιι
668 3705 691 3749 7,

181 3770 356 3830 ee1t‚45,n.
372 3769 397 3814 6.

216 3864 242 3895 a.
260 3846 360 3894 Aditus
379 3844 536 3909 excipiendas
553 3863 641 3902 uoces,¹
660 3847 690 3894 el.

181 3924 350 3990 accipiendas:
367 3923 409 3971 aed
423 3926 505 3989 excipi
520 3943 593 3973 eures
609 3925 693 3972 dicuu-

181 4017 234 4065 tur,
249 4020 302 4068 quae
316 4005 342 4050 in
359 4004 407 4051 boc
422 4005 590 4068 accipiuntur,
604 4016 629 4051 ut
645 4020 693 4051 ser·

182 4095 278 4140 ventur,
291 4095 318 4129 ut
331 4099 412 4129 earum
427 4095 468 4129 aut
480 4084 507 4129 in
522 4083 641 4131 bonorem
651 4096 693 4130 aut

182 4163 294 4224 iujuriam
314 4161 417 4208 dicentis
437 4160 582 4209 recordere:
607 4173 643 4209 est
669 4173 693 4209 et

182 4242 310 4306 proprium
326 4240 427 4286 verbum
445 4239 601 4298 insidiarum
615 4242 693 4289 Gron.

183 4317 376 4372 eantur-atet
390 4317 635 4374 ad11,a,n.3.-
649 4320 695 4366 Ob·

183 4408 333 4452 certantum
345 4394 402 4442 vide
416 4394 448 4442 ad
460 4397 556 4457 mv,
568 4398 617 4457 23,
631 4414 656 4445 n.
670 4415 694 4447 a.

149 4470 152 4477 ¹
183 4477 287 4526 -Male
296 4474 417 4522 mulcatur
425 4474 497 4531 ‚·vid.
507 4477 559 4535 uu,
576 4493 657 4535 rr,n.
669 4479 692 4525 3.

218 4557 242 4604 3.
265 4552 327 4616 Quin
350 4555 504 4603 comissatum
529 4554 566 4603 ad
584 4554 693 4620 fratrem

743 3537 789 3593 49,
799 3547 825 3579 ιι.
839 3532 863 3580 5.
877 3560 911 3568 —
922 3533 1091 3597 Simplicitate,
1107 3534 1182 3580 enimi
1192 3549 1249 3581 een·

736 3609 811 3668 dore,
824 3611 900 3669 intra,
913 3629 965 3678 cap.
981 3615 1029 3672 23,
1046 3630 1121 3678 quum
1133 3613 1248 3678 simplici·

736 3699 812 3736 tatem
829 3689 926 3754 juvenis
952 3690 1047 3739 incauti
1059 3726 1117 3741 .....
1127 3704 1248 3756 captaret.

737 3768 781 3816 Eu.
792 3795 828 3803 -
838 3771 1002 3817 Proecucurrit
1017 3770 1093 3818 index
1186 3788 1247 3818 uuu-

737 3846 817 3903 eiam
833 3859 978 3911 postremam
991 3866 1076 3896 vooem
1091 3848 1171 3898 delere
1178 3851 1248 3911 jubet

736 3925 809 3973 Creu.
822 3929 891 3988 quasi
911 3928 942 3974 ab
961 3927 1052 3990 ignaris
1066 3927 1160 3974 Liviani
1173 3929 1248 3976 moris

736 4003 862 4063 adjectam.
876 4006 934 4053 Nou
946 4005 1115 4054 adversaretur
1127 4006 1215 4065 an„
1227 4008 1247 4053 si

737 4081 811 4130 lectio
821 4081 870 4132 fide
884 4084 998 4132 codicum
1015 4085 1141 4143 niteretur,
1153 4086 1197 4149 qui
1208 4086 1248 4133 bic

738 4178 822 4210 omnes
836 4180 888 4210 eam
899 4163 1032 4211 dictionem
1046 4175 1189 4226 agnoscunt.
1201 4166 1248 4211 En.

774 4250 798 4296 t.
813 4242 970 4308 Iufhmaudoe
984 4242 1021 4289 rei
1033 4258 1124 4305 eausa,
1136 4253 1164 4290 ut
1177 4254 1247 4290 atrox

739 4320 867 4368 consilinm
888 4321 1042 4368 venientibus
1061 4320 1205 4386 effingeret,
1224 4332 1248 4370 et

741 4416 778 4448 res
798 4401 823 4447 in
847 4400 935 4447 melam
957 4402 1044 4447 famem
1065 4411 1176 4449 verteret.
1200 4403 1246 4448 Eo.

738 4505 772 4515 -
784 4478 930 4536 Demetrius,
940 4494 989 4543 per
1001 4479 1104 4536 vineam
1116 4478 1249 4529 videndum

737 4573 809 4621 supra
818 4556 850 4604 ed
859 4557 892 4615 V,
907 4572 953 4615 ra,
966 4573 992 4605 n.
1004 4559 1030 4606 6.
