2722 5040
335 388 342 397 '
994 39 1288 407 ΙΙ

1062 416 1068 429 e

756 478 766 494 N

146 785 267 898 2333:ss
392 805 542 871 sinan
571 805 648 872 xc.
676 805 779 872 cie.
800 806 908 872 vin.
1110 803 1181 900 439

116 956 134 990 e
148 923 211 996 bet
227 947 354 1021 regum
372 923 482 1017 hujus
501 924 633 1010 aetatis,
657 924 754 995 nulla
772 951 811 996 re
833 927 966 1023 magis,
986 952 1092 1023 quam
1110 926 1182 998 fra-

116 1064 134 1099 a
148 1049 252 1106 terna
278 1035 536 1117 unanimitate,
567 1059 719 1132 regnum
745 1060 913 1133 aequasse.
942 1042 995 1108 Ne
1024 1039 1183 1109 romanis

117 1144 296 1242 «quidem
313 1143 486 1241 exemplis
502 1142 678 1233 abstinui,
700 1170 780 1242 quae
797 1160 858 1215 aut
876 1147 968 1233 visa,
984 1161 1046 1216 aut
1062 1147 1183 1217 audita
1268 1234 1273 1242 .

116 1253 325 1327 «habebam
344 1280 351 1322 :
372 1260 410 1324 T.
433 1270 469 1326 et
482 1260 520 1325 L.
538 1257 787 1345 Quintiorum,
811 1258 875 1352 qui
888 1256 1024 1329 bellum
1039 1281 1182 1328 mecum

117 1381 354 1463 «gesseruut,
368 1371 404 1437 P.
421 1380 458 1437 et
471 1369 510 1435 L.
527 1367 756 1463 Scipionum,
777 1369 841 1464 qui
855 1368 1070 1439 Antiochum
1086 1366 1182 1437 devi-

116 1507 133 1542 α
146 1492 291 1562 cerunt;
306 1477 417 1574 patris
430 1478 622 1573 patruique
635 1502 779 1561 eorum,
794 1503 953 1574 quorum
967 1493 1180 1576 perpetuam

116 1616 133 1647 a
147 1586 229 1656 vitae
247 1586 478 1656 concordiam
497 1611 594 1657 mors
614 1612 762 1684 quoque
779 1586 956 1660 miscuitss.
971 1594 1099 1686 Neque
1117 1615 1182 1659 vos

115 1695 290 1767 «illorum
309 1696 426 1789 scelus
443 1697 639 1794 similisque
656 1698 779 1769 sceleri
796 1714 946 1771 eventus
965 1699 1147 1772 deterrere
1162 1725 1182 1771 a

116 1807 293 1878 «vecordi
306 1806 483 1879 discordia
497 1809 617 1906 potuit
632 1835 640 1876 :
661 1833 780 1905 neque
798 1809 930 1879 horum
949 1809 1046 1880 bona
1061 1836 1182 1899 mens,

115 1914 245 1987 «bona
270 1915 436 2004 fortuna,
463 1917 508 1987 ad
533 1919 722 1988 sanitatem
748 1918 903 1989 flectere.
931 1920 1023 1990 Vivo
1047 1936 1086 2003 et
1107 1922 1181 2018 spi·

114 2041 249 2097 «rante
267 2050 346 2113 me,
365 2027 600 2098 hereditatem
619 2052 736 2097 meam
759 2026 867 2097 ambo
888 2041 924 2098 et
943 2052 1005 2124 spe
1025 2043 1060 2098 et
1081 2032 1180 2125 cupi-

114 2136 440 2233 «ditate'improba
461 2138 653 2208 crevistist.
677 2141 729 2206 Eo
756 2161 871 2232 usque
890 2161 947 2206 me
966 2138 1086 2207 vivere
1104 2137 1180 2207 vul-

116 2247 210 2333 «tis,
230 2245 367 2334 donec,
387 2247 534 2318 alterius
555 2263 712 2319 vestrum
734 2261 934 2344 superstes,
953 2245 1049 2316 haud
1070 2246 1182 2317 ambi-

114 2384 131 2418 «
146 2380 257 2453 guum
268 2381 391 2454 regem
404 2357 556 2427 alterum
568 2383 647 2429 mea
656 2373 772 2428 morte
787 2357 923 2428 faciam.
935 2361 1007 2427 Nec
1017 2354 1182 2443 fratrem,

115 2492 214 2539 «nec
232 2482 370 2565 patrem
388 2470 538 2564 potestis
551 2471 635 2566 pati.
653 2470 751 2540 Nihil
767 2470 859 2554 cari,
877 2466 966 2537 nihil
982 2469 1095 2538 sancti
1108 2483 1179 2537 est:

114 2606 131 2641 a
144 2577 181 2646 in
202 2578 365 2647 omnium
386 2579 499 2648 vicem
514 2580 618 2672 regni
636 2581 744 2649 unius
766 2576 973 2649 insatiabilis
988 2602 1089 2648 amor
1104 2603 1181 2651 suc·

113 2685 283 2758 «cessit⁸.
308 2689 430 2783 Agite,
455 2688 697 2758 conscelerate
718 2713 823 2759 aures
844 2704 1035 2788 paternas:
1055 2689 1179 2761 decer-

112 2891 161 2947 nis,
178 2892 251 2939 «scil
268 2908 320 2939 non
334 2902 361 2938 ut
374 2891 523 2948 humilioris,
541 2890 585 2938 sed
597 2901 624 2937 ut
669 2901 731 2938 trum
758 2893 914 2941 discordium.
941 2920 975 2929 -
998 2895 1091 2939 Horum
1116 2895 1180 2941 bona

113 2969 210 3034 fastigio
236 2980 260 3017 et
282 2970 375 3017 viribus
396 2971 506 3034 ipsorum
532 2969 625 3017 altioris
669 2987 748 3027 mens,
763 2972 863 3019 fratrum
877 2971 1045 3019 concordium.
1056 2975 1118 3021 Nam
1128 2974 1182 3020 Phi-

114 3048 175 3113 (qui
188 3065 244 3097 voc.
255 3048 334 3113 pudet
343 3065 401 3095 usus
414 3049 454 3096 hic
466 3047 587 3096 notandus
599 3046 625 3110 );
669 3050 752 3115 lippus
764 3062 788 3098 et
802 3050 932 3098 discordie
945 3062 968 3098 et
982 3051 1120 3098 concordiae
1133 3054 1180 3099 lra-

112 3127 298 3199 uutxiutellige:
318 3143 396 3192 prope
416 3139 444 3175 ut
460 3127 562 3191 puderet
583 3142 627 3174 uos
672 3142 747 3179 temo
758 3131 868 3193 exempla
881 3128 938 3177 liliis
947 3141 1116 3192 proposuerat.

112 3208 172 3272 regii
184 3209 303 3265 nominis,
315 3223 365 3270 qno
375 3218 424 3254 tam
434 3218 517 3254 tenues
528 3218 552 3254 et
563 3206 626 3254 indi·
707 3225 729 3268 7.
745 3208 909 3255 Hereditatem
923 3224 999 3253 nieam
1007 3241 1012 3253 .
1021 3242 1039 3254 ..
1058 3208 1179 3265 crevistis,-

112 3285 397 3348 {animumanimum
406 3285 627 3349 quoeautuisanut
670 3287 725 3335 vide
743 3288 773 3335 sd
790 3288 884 3343 XXIV,
905 3287 951 3342 25,
966 3302 992 3333 n.
1012 3287 1035 3333 3.
1052 3313 1087 3321 -
1104 3288 1182 3334 Haud

112 3365 200 3413 audita
216 3365 335 3413 habebam
354 3380 416 3429 pro:
439 3381 570 3423 noveram,
590 3366 625 3412 al·
668 3367 808 3431 ambignum
825 3381 904 3430 regem
918 3363 1020 3410 alterum
1034 3381 1089 3410 mea
1104 3377 1180 3412 morte

112 3445 461 3510 lerrepoteram,inpromptu
469 3444 624 3502 habebam»
660 3446 775 3510 jaciam,
801 3457 825 3492 et
843 3446 925 3492 forsan
952 3453 1029 3489 morte
1054 3443 1176 3501 violenta,

112 3525 199 3572 Bauen
215 3552 250 3561 —
262 3527 382 3571 Fraterno
401 3523 562 3569 unanimitate
571 3542 581 3580 ,¹
594 3525 624 3573 de
668 3541 723 3588 qnae
740 3523 771 3570 ab
784 3540 834 3570 uuo
847 3521 975 3584 superstite
991 3519 1043 3567 lilio
1056 3523 1130 3584 magis
1148 3523 1179 3570 ti·

111 3601 157 3651 hee
180 3603 312 3664 Eumenis,
338 3601 475 3671 Attalique
490 3602 622 3650 concordia
668 3599 1179 3666 menda,qnamaduobus‚quornmnen·

112 3683 162 3731 vid.
176 3683 292 3731 Nostrum
306 3683 350 3729 int.
365 3682 408 3730 lib.
427 3683 503 3739 m,
515 3698 568 3745 cap.
582 3698 622 3744 ¹9·
668 3687 699 3731 tri
717 3695 782 3730 certa
805 3692 841 3730 est
861 3679 985 3728 successio
1010 3679 1086 3743 regni.
1106 3681 1179 3730 cont.

110 3762 203 3810 laudat
226 3765 297 3813 Crer.
312 3762 468 3810 Plutarchum
487 3759 518 3807 de
532 3762 622 3808 Amore
669 3763 758 3826 Polyb.
768 3761 865 3816 XXIV,
877 3758 931 3823 8,§
947 3760 985 3805 13.

112 3843 175 3889 tvm.
196 3842 239 3906 qui
265 3841 365 3905 quidem
385 3851 502 3888 memorat
523 3839 621 3888 illorum
703 3846 728 3891 8.
743 3845 772 3888 In
787 3841 894 3889 omnium
907 3839 1029 3886 vicem...
1047 3856 1179 3887 amorsuc·

111 3931 211 3969 matrem
227 3920 400 3985 Apollonidem
425 3920 549 3977 dictitare,
570 3936 622 3967 non
667 3922 748 3976 cessit,
763 3919 1180 3968 h.e.inloeum0mniumaliorum

110 4000 157 4047 sibi
175 3999 284 4047 diadema
303 4011 326 4047 et
348 4016 408 4064 opes
428 4010 520 4047 tautum
535 3999 622 4047 afferre
665 4001 815 4060 studiorum,
829 4014 897 4046 amor
910 3997 1025 4045 successit
1043 3998 1115 4044 unius
1128 4011 1179 4047 tau·
1240 3990 1245 3997 ’

110 4079 239 4142 gaudium,
254 4094 326 4143 quarn
338 4078 406 4142 quod
418 4078 499 4126 videat
512 4077 564 4126 lilio
576 4096 621 4126 suo
665 4093 717 4129 tum
729 4080 777 4139 rei,
789 4094 876 4142 nempe
886 4078 955 4139 regni
965 4078 1125 4140 impetrandi;
1137 4080 1179 4127 sed

110 4169 169 4206 tutu
176 4158 337 4207 maximotres
348 4160 432 4206 tratres
441 4157 505 4205 latus
515 4158 621 4221 cingere,
665 4159 720 4207 vide
739 4158 769 4205 ad
788 4175 845 4222 cap.
861 4175 889 4220 9,
904 4169 957 4204 not.
974 4158 997 4204 6.
1015 4159 1059 4204 Eu.
1072 4184 1107 4192 —
1119 4159 1178 4206 Con·

110 4237 223 4285 custodes
232 4239 284 4298 ejus
293 4237 417 4302 corporis;
430 4253 485 4283 eum
495 4247 574 4282 autem
584 4238 620 4284 in·
666 4241 781 4286 scelerate
791 4254 862 4285 aures
867 4249 999 4301 paternas,
1011 4236 1113 4299 polluite
1125 4254 1181 4301 qua·

109 4327 147 4364 ter
158 4316 251 4380 gladlos
263 4317 364 4364 fratrum
371 4331 458 4364 secure
468 4330 562 4379 semper
572 4330 622 4362 rer·
666 4319 686 4366 si
697 4317 768 4365 dictis
781 4317 897 4381 lactisque
910 4315 1044 4380 improbis,
1061 4316 1110 4362 hoc
1128 4331 1179 4376 est,

110 4406 209 4444 saitem.
220 4397 266 4444 Eu.
669 4397 742 4444 dicite
756 4408 781 4444 et
790 4397 861 4462 facite
871 4395 986 4453 nefanda,
996 4410 1051 4457 quse
1061 4404 1130 4457 pater
1137 4411 1180 4443 au·

145 4478 171 4524 6.
181 4481 249 4527 Mors
269 4494 366 4543 quoque
386 4476 498 4533 miscuit,·
518 4474 574 4522 vide
594 4474 626 4522 ed
670 4475 729 4523 diat.
746 4474 787 4523 stc
800 4475 882 4522 oeulos
895 4473 1003 4521 videndo
1016 4473 1180 4522 conscelerate

111 4556 197 4616 XXV,
209 4557 255 4616 34,
268 4558 310 4606 3⁶.
319 4584 354 4595 —
363 4556 465 4606 Illorum
474 4554 567 4612 scelus,
581 4554 626 4602 fra·
671 4553 735 4603 dixit
752 4552 826 4601 Ovid.
842 4553 902 4600 Met.
912 4553 975 4609 vn,
990 4552 1032 4599 35.
1048 4576 1082 4587 -
1092 4552 1179 4603 uecor-
