2722 5040
89 806 90 811 Ν
149 815 275 919 attat:
363 837 517 907 Ltunu
544 836 972 907 xxxvtcaaxtv.
1146 859 1190 932 27

127 956 333 1055 presidium
357 960 520 1057 regium,
543 973 686 1031 etcum
711 959 754 1031 iis
771 957 999 1030 Athamanes.
1021 956 1078 1029 Ab
1096 958 1194 1040 Lim-

127 1093 201 1140 naea
221 1068 434 1141 Pellinaeum
457 1070 586 1142 consul
609 1069 860 1168 proficiscitur.
885 1066 940 1138 lbi
957 1068 1065 1166 primi
1082 1067 1194 1139 Atha-

125 1202 250 1251 manes
267 1179 499 1251 tradiderunt
512 1204 609 1268 sese,
630 1179 760 1252 deinde
779 1195 815 1251 et
831 1178 1017 1276 Philippus
1035 1177 1193 1274 Megalo·

126 1290 329 1388 politanus:
349 1292 430 1377 cui,
453 1290 643 1363 decedenti
658 1289 704 1363 de
724 1290 905 1389 praesidio,
927 1313 1043 1386 quum
1064 1287 1194 1360 obvius

126 1396 221 1471 forte
237 1398 366 1472 fuisset
382 1399 569 1499 Philippus
587 1426 670 1490 rex,
689 1402 733 1473 ad
752 1399 951 1472 ludibrium
968 1423 1089 1494 regem
1109 1422 1193 1470 eum

126 1512 344 1584 consalutari
354 1512 482 1607 jussit;
496 1514 574 1609 ipse
590 1536 802 1609 congressus
815 1509 980 1597 fratrem,
995 1508 1094 1581 haud
1107 1532 1194 1581 sane

125 1620 255 1694 decoro
276 1623 453 1717 majestati
471 1647 542 1694 suae
556 1622 662 1717 joco,
682 1621 885 1721 appellavit.
905 1620 1093 1693 Deductus
1108 1618 1194 1690 inde

126 1731 172 1802 ad
190 1734 377 1805 consulem
397 1731 571 1804 custodiri
588 1733 727 1827 jussus,
749 1746 785 1802 et
802 1731 900 1802 haud
916 1732 964 1802 ita
979 1729 1096 1801 multo
1110 1743 1193 1826 post

126 1844 163 1912 in
184 1843 340 1915 vinculis
366 1845 518 1913 Romam
545 1842 685 1915 missus.
709 1848 844 1914 Caetera
865 1841 1061 1913 multitudo
1080 1839 1192 1912 Atha·-

125 1977 272 2024 manum
292 1966 355 2036 aut
369 1953 523 2024 militum
540 1952 710 2028 Antiochi
727 1953 841 2049 regis,
862 1976 944 2050 quae
961 1952 1000 2021 in
1019 1949 1191 2049 praesidiis

125 2062 332 2135 deditorum
349 2088 415 2163 per
435 2087 498 2135 eos
522 2061 601 2135 dies
623 2062 845 2162 oppidorum
865 2059 1002 2149 fuerat,
1023 2059 1190 2158 Philippo

125 2174 253 2246 tradita
270 2175 349 2272 regi
366 2189 430 2246 est.
450 2178 563 2246 Fuere
582 2188 701 2246 autem
717 2172 763 2244 ad
778 2173 847 2243 tria
860 2171 971 2242 millia
984 2170 1187 2241 homiuum.
1279 2179 1281 2182 ’

124 2284 262 2356 Consul
288 2272 465 2356 Larissam
489 2298 542 2355 est
567 2282 772 2381 profectus,
801 2282 920 2354 ibide
944 2304 1082 2352 summa
1105 2277 1193 2350 belli

123 2395 404 2467 consultaturus.
427 2400 471 2466 In
490 2395 620 2467 itinere
638 2394 684 2466 ab
709 2395 823 2466 Pieria
841 2408 877 2465 et
898 2391 1116 2489 Metropoli²
1138 2389 1189 2460 le·

123 2507 196 2600 gati
229 2504 412 2577 tradentes
444 2504 555 2577 urbes
585 2529 666 2578 suas
697 2518 946 2578 occurrerunt.
981 2503 1189 2600 Philippus,

123 2615 364 2688 Athamanum
394 2617 572 2715 praecipue
603 2618 751 2715 captivis
777 2614 1008 2713 indulgenter
1033 2610 1188 2698 habitis,

121 2738 162 2793 ut
183 2748 248 2823 per
267 2750 330 2798 eos
347 2726 554 2798 conciliaret
574 2740 740 2822 gentem,
757 2741 885 2798 nactus
903 2746 1005 2823 spem
1021 2721 1189 2793 Athama·

122 2834 189 2904 niae
207 2832 410 2932 potiundae,
427 2837 625 2908 exercitum
639 2860 684 2908 eo
700 2837 823 2925 duxit,
844 2836 1035 2934 praemissis
1052 2835 1089 2903 in
1103 2834 1189 2904 civi·

121 2957 213 3015 tates
236 2946 395 3043 captivis.
423 2949 467 3016 Et
488 2945 540 3016 illi
558 2935 726 3044 magnam
742 2947 992 3018 auctoritatem
1011 2941 1107 3040 apud
1125 2964 1189 3039 po·

121 3053 264 3149 pulares
282 3052 511 3144 habuerunt,
534 3055 762 3128 clementiam
782 3081 868 3154 erga
881 3082 918 3127 se
937 3055 1031 3152 regis
1045 3051 1189 3135 munifi-

119 3166 346 3261 centiamque
371 3182 720 3256 commemorantes3
748 3184 784 3240 et
806 3166 1055 3264 Amynander,
1083 3163 1188 3258 cujus

121 3277 303 3372 praesentis
314 3276 481 3371 majestas
494 3278 635 3374 aliquos
648 3279 686 3349 iu
701 3277 773 3349 fide
790 3278 1041 3357 continuisset,
1053 3274 1187 3344 veritus

121 3410 168 3456 ne
186 3385 389 3458 traderetur
407 3387 574 3486 Philippo
594 3389 669 3483 jam
688 3389 827 3487 pridem
845 3388 940 3460 hosti
963 3401 999 3457 et
1017 3384 1188 3459 Romanis

120 3498 250 3568 merito
268 3511 357 3569 tunc
376 3512 527 3596 propter
546 3497 789 3571 defectionem
812 3498 978 3585 infensis,
1001 3519 1084 3571 cum
1107 3518 1189 3565 con·

118 3607 204 3704 juge
222 3631 263 3677 ac
280 3605 403 3678 liberis
420 3632 534 3706 regno
553 3611 722 3696 excessit,
737 3609 1037 3704 Ambraciamque
1053 3630 1090 3676 se
1107 3629 1188 3675 con·

120 3713 213 3784 tulit.
226 3719 281 3786 Ita
292 3715 506 3789 Athamania
517 3721 635 3792 omnis
646 3722 683 3790 in
696 3720 755 3815 jus
768 3718 1016 3816 ditionemque
1030 3716 1187 3815 Philippi

119 3828 307 3899 concessit.
319 3827 457 3899 Consul
467 3883 477 3917 ,
486 3829 530 3901 ad
540 3829 734 3902 reficienda
747 3829 900 3908 maxime
908 3829 1090 3923 jumenta,
1105 3850 1187 3922 quae

118 3948 154 4006 et
164 3938 410 4032 navigatione,
425 3953 460 4009 et
475 3954 601 4036 postea
615 3938 806 4010 itineribus
820 3936 963 4035 fatigata
977 3951 1095 4023 erant,
1107 3959 1189 4032 pau·

118 4071 180 4118 cos
188 4049 335 4121 Larissae
344 4064 503 4121 moratus
513 4050 606 4140 dies,
619 4051 718 4123 velut
730 4066 903 4141 renovato
913 4048 1057 4120 modica
1066 4047 1188 4144 quiete

120 4273 180 4305 rom.
190 4256 268 4306 tribui
280 4259 408 4319 XXXVI,
421 4274 448 4316 1,
460 4270 485 4308 et
495 4260 632 4318 XXXVII,
676 4260 756 4325 lnquit
766 4260 884 4323 Doering.
902 4258 929 4307 in
943 4257 1069 4306 Thessalia
1081 4257 1189 4319 ignobile

121 4351 149 4384 a:
167 4353 214 4384 nec
232 4347 315 4386 tamen
331 4335 466 4401 quidquam
481 4337 511 4385 de
523 4349 596 4387 aucto
609 4339 632 4387 ei
676 4340 797 4405 oppidum
807 4339 853 4387 luit
863 4338 946 4397 3haud
954 4337 1027 4385 dubie
1039 4337 1105 4384 enim
1115 4337 1190 4384 multa

119 4432 219 4465 numero
232 4414 342 4463 militum
354 4416 455 4464 moneri.
676 4419 812 4482 antiquitus
833 4418 899 4464 suere
923 4417 995 4475 loen,
1021 4431 1124 4480 quorum
1148 4425 1190 4462 aut

153 4512 177 4544 a.
190 4496 231 4544 Ab
240 4492 329 4542 Pieria
340 4507 364 4545 et
375 4496 505 4559 Metropoli
510 4514 521 4554 ,·
535 4495 631 4546 vidend
676 4498 742 4546 nulla
754 4498 870 4555 omnino,
883 4509 925 4545 aut
935 4497 1009 4545 renel
1020 4506 1114 4543 tantum
1129 4494 1192 4547 sacta

118 4577 231 4631 xxxn,
245 4575 279 4624 1⁵
287 4611 295 4632 ,
303 4592 330 4623 n.
342 4579 523 4626 2.-Fortasre
533 4576 629 4635 Pieria,
677 4588 713 4624 est
723 4577 822 4624 mentio.
836 4577 880 4623 Eu.
