2722 5040
80 4 1351 285 .-

220 735 289 806 310
647 737 686 804 τ.
712 737 840 805 mvn
1132 714 1257 815 ῧῑὲζζξζζ

218 877 369 961 coeptus.
390 866 427 932 P.
445 862 565 959 Scipio
579 863 703 933 Nasica
718 860 884 934 tribunos
903 860 1129 959 appellavit²,
1147 860 1282 933 oratio-

219 996 378 1070 nemque
391 972 518 1044 habuit
534 971 676 1070 plenam
689 971 783 1042 veris
799 971 1009 1059 decoribus,
1028 995 1104 1041 non
1122 992 1285 1040 commu·

219 1083 315 1154 niter
329 1081 441 1153 modo
453 1081 628 1153 Corneliae
644 1083 780 1178 gentis,
796 1080 858 1153 sed
871 1082 1025 1179 propriae
1041 1077 1184 1150 familiai
1198 1102 1281 1151 suae.

219 1198 393 1265 Parentes
410 1217 496 1264 suos
518 1208 554 1262 et
571 1198 612 1262 P.
629 1195 800 1283 Africani
819 1216 864 1262 ac
884 1198 922 1264 L.
944 1195 1138 1289 Scipionis,
1160 1195 1227 1286 qui
1246 1195 1291 1259 in.

219 1327 397 1375 carcerem
414 1303 621 1389 duceretur,
628 1305 750 1394 fuisse
770 1306 831 1374 Cn.
847 1319 883 1373 et
892 1307 935 1372 P.
951 1305 1147 1398 Scipiones,
1166 1299 1285 1370 claris·

218 1420 328 1484 simos
348 1419 458 1484 vt’ros.
482 1417 577 1497 Eos,
603 1437 716 1509 quum
732 1437 807 1510 per
827 1412 968 1509 aliquot
990 1435 1107 1482 annos
1128 1416 1167 1481 in
1188 1426 1284 1481 terra

218 1527 419 1620 Hispania,
448 1522 617 1592 adversus
642 1521 773 1593 multos
798 1528 995 1593 Poenorum
1016 1526 1283 1619 Hispanorum·

219 1656 291 1729 que
317 1648 353 1701 et
377 1632 485 1702 duces
512 1647 548 1701 et
570 1638 747 1702 exereitus
759 1687 769 1719 ‚
795 1639 950 1704 nominis
979 1639 1124 1704 romani
1131 1634 1284 1723 famam

221 1750 429 1832 amassent,
463 1770 537 1815 non
578 1744 670 1816 bello
705 1745 845 1832 solum,
884 1746 952 1816 sed
985 1746 1088 1842 quod
1120 1767 1285 1816 romanae

221 1861 468 1953 temperantiae
482 1855 652 1953 fideique
675 1863 854 1954 specimen
881 1856 950 1928 illis
972 1856 1139 1952 gentibus
1164 1856 1286 1926 dedis·

219 1982 317 2053 sent,
336 1966 389 2037 ad
406 1982 607 2036 extremum
628 1966 737 2037 ambo
752 1993 823 2065 pro
844 1965 1029 2064 republica
1051 1982 1165 2037 morte
1181 1988 1285 2037 oceu-

221 2076 349 2147 buisse.
365 2080 488 2169 Quum
502 2076 645 2147 illorum
660 2076 913 2173 teterigloriam
921 2080 1074 2174 posteris
1083 2078 1171 2146 satis
1184 2089 1285 2160 esset,

224 2192 264 2256 P.
282 2188 500 2277 Africanum
523 2202 663 2257 tantum
682 2203 857 2284 paternas
874 2180 1117 2283 superavisse³
1139 2183 1284 2270 laudes,

222 2314 262 2367 ut
275 2295 397 2392 fidem
409 2299 560 2388 fecerit,
587 2322 661 2368 non
684 2303 861 2393 sanguine
885 2297 1066 2381 humane,
1091 2294 1160 2367 sed
1177 2299 1286 2391 stipe
1316 2380 1319 2388 Ι

221 2407 344 2475 diuina
363 2422 484 2476 satum
510 2432 548 2477 se
574 2432 657 2477 esse.
684 2412 724 2477 t.
750 2411 973 2504 Scipionem,
997 2405 1044 2475 de
1062 2428 1135 2502 quo
1156 2419 1289 2498 agatur

222 2518 308 2605 (ut,
328 2540 413 2613 quse
432 2522 469 2586 in
483 2521 685 2615 Hispania,
702 2541 787 2615 quoe
802 2523 840 2586 in
853 2517 1000 2607 Africa,
1020 2540 1131 2612 quum
1149 2513 1288 2608 legatus

145 2714 151 2730 Ι
209 2626 341 2716 fratris
357 2642 464 2712 esset,
479 2633 659 2722 gessisset,
667 2630 974 2724 praetereantur),
994 2627 1175 2696 consulem
1190 2640 1226 2693 et
1237 2622 1287 2693 ab

220 2751 348 2805 senatu
365 2736 516 2832 dignum
532 2743 653 2808 visum
662 2792 672 2824 ,
694 2744 755 2807 cui
769 2754 874 2807 extra
891 2752 1023 2807 sortem
1039 2739 1131 2806 Asia
1138 2739 1287 2832 provin·

220 2851 278 2915 cia
302 2860 339 2916 et
360 2845 493 2917 bellum
516 2873 599 2917 cum
617 2848 800 2919 Antiocho
820 2872 902 2943 rege
922 2847 1189 2931 decerneretur,
1212 2859 1288 2914 eta

208 2959 348 3045 fratre,
369 2962 445 3040 cui,
468 2974 560 3055 post
589 2957 681 3028 duos
711 2957 936 3044 consulatus,
967 2944 1230 3052 censuramque
1255 2969 1311 3041 et¹

221 3066 462 3163 triumphum,
478 3066 616 3162 legatus
636 3073 673 3137 in
680 3069 812 3137 Asiam
825 3072 903 3137 iret.
915 3066 992 3153 Ibi,
1013 3091 1059 3136 ne
1075 3063 1288 3160 magnitudo

221 3192 257 3244 et
270 3174 442 3272 splendor
454 3174 564 3272 legati
577 3174 747 3247 laudibus
762 3176 917 3248 consulis
930 3179 1109 3273 officeret,
1118 3176 1222 3266 sttrte
1237 3180 1289 3244 ita

222 3285 405 3372 incidisse,
432 3302 489 3370 ut,
512 3310 585 3383 quo
608 3286 667 3356 die
693 3287 746 3358 ad
765 3290 993 3383 Magnesiam
1017 3291 1127 3382 signu
1151 3283 1288 3355 collatis

220 3400 262 3465 L.
282 3398 399 3493 Scipio
415 3395 638 3466 Antiochum
656 3395 854 3483 devicisset,
873 3421 972 3494 ager
982 3403 1025 3466 P.
1040 3399 1158 3493 Scipio
1172 3394 1289 3464 Eloeoe

221 3504 362 3574 dierum
381 3504 522 3602 aliquot
536 3511 601 3576 via
617 3507 766 3577 abesset.
786 3510 995 3597 Nonfuisse
1012 3511 1187 3575 minorem
1205 3527 1288 3573 eum

222 3621 440 3699 exereitum,
457 3642 569 3714 quam
591 3618 831 3705 Hannibalis,
850 3643 931 3688 cum
946 3642 1019 3714 quo
1039 3621 1076 3685 in
1090 3616 1219 3705 Asrica
1237 3637 1288 3684 es-

220 3741 275 3795 set
286 3743 492 3823 pugnatum
501 3754 511 3797 :
521 3728 767 3799 Hannibalem
786 3729 953 3799 eumdem
957 3730 1079 3819 fuisse
1094 3731 1187 3796 inter
1197 3721 1288 3793 mul·

223 3848 276 3903 tos
288 3833 380 3906 alios
394 3843 508 3933 regios
523 3836 648 3924 duces,
662 3843 729 3936 qui
737 3842 933 3936 imperator
934 3842 1067 3935 punici
1079 3833 1293 3924 bellifuerit„

222 4147 268 4185 ete.
279 4137 335 4187 vide
345 4138 376 4187 ad
386 4141 439 4196 111,
453 4141 500 4196 1³,
511 4155 535 4186 n.
549 4155 574 4201 9.
588 4140 628 4188 Ad
640 4141 692 4189 haec
708 4153 733 4190 et
777 4140 834 4189 vide
847 4141 879 4189 ml
891 4143 932 4200 Χ,
942 4143 1026 4199 30,ιι.
1040 4156 1061 4188 ι.
1075 4138 1197 4203 —Ssirpe
1206 4138 1288 4186 divina

222 4231 292 4279 seqq.
304 4217 369 4265 conf.
380 4216 442 4265 Geli.
454 4218 516 4276 vit,
533 4234 573 4280 ¹9·
776 4231 857 4267 saturn
873 4237 899 4268 ss
917 4236 982 4277 esse,·
999 4219 1057 4267 vide
1075 4218 1107 4267 ad
1124 4219 1230 4274 XXVI,
1245 4232 1289 4279 19,

257 4303 282 4335 α.
295 4287 388 4335 Nasica
401 4287 508 4336 tn'lunm
520 4289 667 4353 appellarit,⁸
677 4292 732 4341 vide
776 4315 800 4348 n.
821 4301 846 4347 6.
865 4326 899 4336 -
920 4298 1084 4346 Hannibalem
1097 4294 1289 4360 eumdemfisisse

119 4426 122 4431 .
223 4364 253 4411 'd
267 4367 365 4426 ustis
378 4382 404 4414 Π·
418 4382 442 4413 ²·
776 4376 840 4424 mter
853 4379 941 4425 multos
956 4377 1018 4425 alios
1032 4377 1111 4442 regios
1125 4375 1214 4430 ducem
1233 4373 1289 4420 vide

258 4442 280 4488 3.
311 4445 431 4491 Paternus
459 4446 608 4510 superavisse
629 4449 731 4506 lcitsdes,¹
775 4455 1241 4519 Exmm,adxxxvlt,p,192,ssn‚
